@INPROCEEDINGS{sugar,
    AUTHOR = "I. Beer and S. Ben-David and C. Eisner and D. Fisman and A.
Gringauze and Y. Rodeh",
    TITLE = "The Temporal Logic {S}ugar",
    EDITOR = "G. Berry and H. Comon and A. Finkel",
    BOOKTITLE = "Proc. $13^{th}$ International Conference on Computer Aided
Verification (CAV)",
    YEAR = {2001},
     PUBLISHER = "Springer-Verlag",
     SERIES = "LNCS 2102"}



@book{ClarkeBook,
  author = {Edmund M. Clarke Jr. and Orna Grumberg and Doron A. Peled},
  title = {Model Checking},
  publisher = {The MIT Press},
  year = 1999
}


@misc{Accellera,
  key = "Sugar2",
  note = {{\tt http://www.haifa.il.ibm.com/projects/verification/sugar/literature.html}}
}


@misc{PVS,
  key = "PVS",
  note = {See web page {\tt http://www.csl.sri.com/pvs.html}}
}


@book{GordonMelham,
 editor = {M. J. C. Gordon and T. F. Melham},
 title = {Introduction to HOL:
          a theorem-proving environment for higher-order logic},
 publisher = {Cambridge University Press},
 year = {1993}
}

@book{MelhamBook,
  editor = {T. F. Melham},
  title = {Higher Order Logic and Hardware Verification},
  publisher = {Cambridge University Press},
  series = {Cambridge Tracts in Theoretical Computer Science 31},
  year = 1993
}

@inproceedings{ITL,
 editor = {J. Diaz},
 title = {A hardware semantics based on temporal intervals},
 year = {1983},
 author = {J. Halpern and Z. Manna and B. Moszkowski},
 booktitle = {Proceedings of the 10-th International Colloquium on Automata, Languages and Programming},
 series = {LNCS},
 volume = {154},
 pages = { 278-291},
 place = {Berlin},
 publisher = {Springer Verlag}}

