@InProceedings{Aagaard1998,
  author = 	 {M.~D.~Aagaard and R.~B.~Jones and C-J.~H.~Seger},
  title = 	 {Combining theorem proving and trajectory evaluation in an industrial environment},
  booktitle = 	 {Design Automation Conference (DAC)},
  OPTcrossref =  {},
  OPTkey = 	 {},
  pages = 	 {538-541},
  year = 	 {1998},
  editor = 	 {Basant R. Chawla and Randal E. Bryant and Jan M. Rabaey and M. J. Irwin},
  OPTvolume = 	 {},
  OPTnumber = 	 {},
  OPTseries = 	 {},
  OPTaddress = 	 {},
  OPTmonth = 	 {July},
  organization = {ACM/IEEE},
  publisher = {ACM Press},
  OPTnote = 	 {},
  OPTannote = 	 {}
}


@InProceedings{Aagaard1999,
  author = 	 {M.~D.~Aagaard and Thomas F. Melham and John W. O'Leary},
  title = 	 {Xs are for Trajectory Evaluation, Booleans are for Theorem Proving},
  booktitle = 	 {Correct Hardware Design and Verification Methods - CHARME '99},
  OPTcrossref =  {},
  OPTkey = 	 {},
  pages = 	 {202-218},
  year = 	 {1999},
  editor = 	 {Laurence Pierre and Thomas Kropf},
  volume = 	 {1703},
  OPTnumber = 	 {},
  series = 	 {LNCS},
  OPTaddress = 	 {},
  month = 	 {September},
  OPTorganization = {},
  publisher = {Springer},
  OPTnote = 	 {},
  OPTannote = 	 {}
}


@InProceedings{Aagaard1999b,
  author = 	 {M.~D.~Aagaard and R.~B.~Jones and Carl-Johan~H.~Seger},
  title = 	 {Lifted-FL: A Pragmatic Implementation of Combined Model Checking and Theorem Proving},
  booktitle = 	 {Theorem Proving in Higher Order Logics},
  OPTcrossref =  {},
  OPTkey = 	 {},
  pages = 	 {323-340},
  year = 	 {1999},
  editor = 	 {Yves Bertot and Gilles Dowek and Andr{\'e} Hirschowitz and C. Paulin and Laurent Th{\'e}ry},
  volume = 	 {1670},
  OPTnumber = 	 {},
  series = 	 {LNCS},
  OPTaddress = 	 {},
  month = 	 {September},
  OPTorganization = {},
  publisher = {Springer},
  OPTnote = 	 {},
  OPTannote = 	 {}
}

@InProceedings{Aagaard1999c,
  author = 	 {M.~D.~Aagaard and R.~B.~Jones and Carl-Johan~H.~Seger},
  title = 	 {Formal verification using parametric representation of boolean constants},
  booktitle = 	 {Design Automation Conference},
  OPTcrossref =  {},
  OPTkey = 	 {},
  pages = 	 {402-407},
  year = 	 {1999},
  editor = 	 {Mary Jane Irwin},
  volume = 	 {},
  OPTnumber = 	 {},
  series = 	 {},
  OPTaddress = 	 {},
  month = 	 {June},
  OPTorganization = {ACM/IEEE},
  publisher = {ACM Press},
  OPTnote = 	 {},
  OPTannote = 	 {}
}

@TechReport{Agerholm1990,
  author = 	 {S.~Agerholm and H.~Skjodt},
  title = 	 {Automating a Model Checker for Recursive Modal Assertions in {HOL}},
  institution =  {Aarhus University},
  year = 	 {1990},
  OPTkey = 	 {},
  OPTtype = 	 {},
  number = 	 {92},
  OPTaddress = 	 {},
  month = 	 {January},
  OPTnote = 	 {},
  OPTannote = 	 {}
}



@InProceedings{Amjad2001,
  author = 	 {H.~Amjad},
  title = 	 {{BDD} Representation Judgements in {HOL}},
  booktitle = 	 {Supplementary Proceedings of the 14th International Conference on Theorem Proving in Higher Order Logics},
  OPTcrossref =  {},
  OPTkey = 	 {},
  pages = 	 {17--26},
  year = 	 {2001},
  editor = 	 {R.~J.~Boulton and P.~B.~Jackson},
  OPTvolume = 	 {},
  number = 	 {EDI-INF-RR-0046},
  series = 	 {Technical Reports},
  OPTaddress = 	 {},
  OPTmonth = 	 {},
  organization = {Informatics Division},
  publisher =    {University of Edinburgh},
  OPTnote = 	 {},
  OPTannote = 	 {}
}


@InProceedings{Amjad2003,
  author = 	 {H.~Amjad},
  title = 	 {Programming a Symbolic Model Checker in a Fully Expansive Theorem Prover},
  booktitle = 	 {Proceedings of the 16th International Conference on Theorem Proving in Higher Order Logics},
  OPTcrossref =  {},
  OPTkey = 	 {},
  pages = 	 {171-187},
  year = 	 {2003},
  editor = 	 {David A. Basin and Burkhart Wolff},
  volume = 	 {2758},
  OPTnumber = 	 {},
  series = 	 {Lecture Notes in Computer Science},
  OPTaddress = 	 {},
  OPTmonth = 	 {},
  OPTorganization = {},
  publisher = {Springer-Verlag},
  OPTnote = 	 {},
  OPTannote = 	 {}
}

@InProceedings{Amjad2003b,
  author = 	 {H.~Amjad},
  title = 	 {Formalizing the Translation of {CTL} into {L\({}_\mu\)}},
  booktitle = 	 {Supplementary Proceedings of the 16th International Conference on Theorem Proving in Higher Order Logics},
  OPTcrossref =  {},
  OPTkey = 	 {},
  pages = 	 {207--217},
  year = 	 {2003},
  editor = 	 {David A. Basin and Burkhart Wolff},
  OPTvolume = 	 {},
  number = 	 {187},
  series = 	 {Technical Reports},
  OPTaddress = 	 {},
  OPTmonth = 	 {},
  organization = {Institut f\"ur Informatik},
  publisher =    {Albert-Ludwigs-Universit\"at},
  OPTnote = 	 {},
  OPTannote = 	 {}
}

@InProceedings{Amjad2003c,
  author = 	 {H.~Amjad},
  title = 	 {Implementing Abstraction Refinement for Model Checking in {HOL}},
  booktitle = 	 {Supplementary Proceedings of the 16th International Conference on Theorem Proving in Higher Order Logics},
  OPTcrossref =  {},
  OPTkey = 	 {},
  pages = 	 {219--228},
  year = 	 {2003},
  editor = 	 {David A. Basin and Burkhart Wolff},
  OPTvolume = 	 {},
  number = 	 {187},
  series = 	 {Technical Reports},
  OPTaddress = 	 {},
  OPTmonth = 	 {},
  organization = {Institut f\"ur Informatik},
  publisher =    {Albert-Ludwigs-Universit\"at},
  OPTnote = 	 {},
  OPTannote = 	 {}
}


@TechReport{Amjad2004,
  author = 	 {H.~Amjad},
  title = 	 {Combining Model Checking and Theorem Proving},
  institution =  {University of Cambridge Computer Laboratory},
  year = 	 {2004},
  OPTkey = 	 {},
  type = 	 {Technical Report},
  number = 	 {UCAM-CL-TR-601},
  OPTaddress = 	 {},
  OPTmonth = 	 {},
  note = 	 {Ph. D. Thesis},
  OPTannote = 	 {}
}


@TechReport{Amjad2004b,
  author = 	 {H.~Amjad},
  title = 	 {Model checking the {AMBA} protocol in {HOL}},
  institution =  {University of Cambridge Computer Laboratory},
  year = 	 {2004},
  OPTkey = 	 {},
  type = 	 {Technical Report},
  number = 	 {UCAM-CL-TR-601},
  OPTaddress = 	 {},
  OPTmonth = 	 {},
  OPTnote = 	 {},
  OPTannote = 	 {}
}

@Unpublished{Andersen1997,
  author = 	 {Henrik Reif Andersen},
  title = 	 {An Introduction to Binary Decision Diagrams},
  note = 	 {Available from \url{http://www.itu.dk/people/hra/bdd97.ps}},
  OPTkey = 	 {},
  month = 	 {October},
  year = 	 {1997},
  OPTannote = 	 {}
}

@InProceedings{Andersson2002,
  author = 	 {Gunnar Andersson and Per Bjesse and Byron Cook and Ziyad Hanna},
  title = 	 {A proof engine approach to solving combinational design automation problems},
  booktitle = 	 {Design Automation Conference},
  OPTcrossref =  {},
  OPTkey = 	 {},
  pages = 	 {725-730},
  year = 	 {2002},
  editor = 	 {Bryan Ackland},
  OPTvolume = 	 {},
  OPTnumber = 	 {},
  OPTseries = 	 {},
  OPTaddress = 	 {},
  month = 	 {June},
  OPTorganization = {},
  publisher = {ACM},
  OPTnote = 	 {},
  OPTannote = 	 {}
}

@TechReport{Ariane5,
  author = 	 {J.~L.~Lions},
  title = 	 {ARIANE 5 Flight 501 Failure Report},
  institution =  {European Space Agency},
  year = 	 {1996},
  OPTkey = 	 {},
  OPTtype = 	 {},
  number = 	 {33-1996},
  OPTaddress = 	 {},
  OPTmonth = 	 {},
  OPTnote = 	 {},
  OPTannote = 	 {}
}

@InProceedings{Armoni2002,
  author = 	 {Roy Armoni and Limor Fix and Alon Flaisher and Rob Gerth and Boris Ginsburg and Tomer Kanza and Avner Landver and Sela Mador-Haim and Eli Singerman and Andreas Tiemeyer and Moshe Y. Vardi and Yael Zbar},
  title = 	 {The {ForSpec Temporal Logic}: A New Temporal Property-Specification Language},
  booktitle = 	 {Tools and Algorithms for the Construction and Analysis of Systems},
  OPTcrossref =  {},
  OPTkey = 	 {},
  pages = 	 {296-211},
  year = 	 {2002},
  editor = 	 {Joost-Pieter Katoen and Perdita Stevens},
  volume = 	 {2280},
  OPTnumber = 	 {},
  series = 	 {LNCS},
  OPTaddress = 	 {},
  month = 	 {April},
  OPTorganization = {},
  publisher = {Springer},
  OPTnote = 	 {},
  OPTannote = 	 {}
}


@Manual{ARM1999,
  title = 	 {{AMBA} {S}pecification},
  OPTkey = 	 {},
  OPTauthor = 	 {},
  organization = {{ARM} {L}imited},
  OPTaddress = 	 {},
  edition = 	 {2.0},
  OPTmonth = 	 {},
  year = 	 {1999},
  note = 	 {\copyright {ARM} {L}imited. All rights reserved.},
  OPTannote = 	 {}
}



@InProceedings{Arthan1991,
  author = 	 {R.~Arthan},
  title = 	 {Formal specification of a proof tool},
  OPTcrossref =  {},
  OPTkey = 	 {},
  booktitle = {Formal Software Development Methods},
  pages = 	 {356-370},
  year = 	 {1991},
  editor = 	 {S.~Prehn and W.~J.~Toetenel},
  volume = 	 {551},
  OPTnumber = 	 {},
  series = 	 {LNCS},
  OPTaddress = 	 {},
  OPTmonth = 	 {},
  OPTorganization = {},
  publisher = {Springer-Verlag},
  OPTnote = 	 {},
  OPTannote = 	 {}
}

@InProceedings{Balarin1993,
  author = 	 {F.~Balarin and A.~L.~Sangiovanni-Vincentelli},
  title = 	 {An iterative approach to language containment},
  booktitle = 	 {Proceedings of the 5th Workshop on Computer Aided Verification},
  OPTcrossref =  {},
  OPTkey = 	 {},
  pages = 	 {29-40},
  year = 	 {1993},
  editor = 	 {C.~Courcoubetis},
  volume = 	 {697},
  OPTnumber = 	 {},
  series = 	 {LNCS},
  OPTaddress = 	 {},
  month = 	 {June},
  OPTorganization = {},
  publisher = {Springer},
  OPTnote = 	 {},
  OPTannote = 	 {}
}

@InProceedings{Ball2002,
  author = 	 {Thomas Ball and Sriram K. Rajamani},
  title = 	 {The {SLAM} Project: Debugging System Software via Static Analysis},
  booktitle = 	 {Principles of Programming Languages},
  OPTcrossref =  {},
  OPTkey = 	 {},
  pages = 	 {1--3},
  year = 	 {2002},
  OPTeditor = 	 {John Launchbury and John C. Mitchell},
  volume = 	 {37(1)},
  OPTnumber = 	 {},
  series = 	 {ACM SIGPLAN Notices},
  OPTaddress = 	 {},
  month = 	 {January},
  organization = {ACM},
  publisher = {ACM Press},
  OPTnote = 	 {},
  OPTannote = 	 {}
}

@InProceedings{Ball2003,
  author = 	 {Thomas Ball, Mayur Naik, Sriram K. Rajamani},
  title = 	 {From symptom to cause: localizing errors in counterexample traces},
  OPTcrossref =  {},
  OPTkey = 	 {},
  booktitle = {POPL},
  pages = 	 {97-105},
  year = 	 {2003},
  editor = 	 {Alex Aiken and Greg Morrisett},
  volume = 	 {38},
  number = 	 {1},
  series = 	 {ACM SIGPLAN Notices},
  OPTaddress = 	 {},
  month = 	 {January},
  organization = {ACM},
  publisher = {ACM Press},
  OPTnote = 	 {},
  OPTannote = 	 {}
}

@InProceedings{Barrett2003,
    author =  {Clark Barrett and Sergey Berezin},
    title =  {{A Proof-Producing Boolean Search Engine}},
    booktitle = {CADE-19 Workshop: Pragmatics of Decision Procedures in Automated Reasoning (PDPAR)},
    editor = {Silvio Ranise and Cesare Tinelli},
    year =  {2003},
    month =  {July},
    note = { Available from \url{http://www.loria.fr/~ranise/pdpar03}}
}

@Article{BenAri1983,
  author = 	 {M.~Ben-Ari and Z.~Manna and A.~Pnueli},
  title = 	 {The temporal logic of branching time},
  journal = 	 {Acta Informatica},
  year = 	 {1983},
  OPTkey = 	 {},
  volume = 	 {20},
  number = 	 {},
  pages = 	 {207-226},
  OPTmonth = 	 {},
  OPTnote = 	 {},
  OPTannote = 	 {}
}

@inproceedings{Bensalem2000,
    AUTHOR = {Saddek Bensalem and Vijay Ganesh and Yassine Lakhnech and C\'{e}sar Mu\~{n}oz and Sam Owre and Harald Rue\ss and John Rushby and Vlad Rusu and Hassen Sa\"{i}di and {N.} Shankar and Eli Singerman and Ashish Tiwari},
    TITLE = {An Overview of {SAL}},
    BOOKTITLE = {{LFM} 2000: Fifth {NASA} Langley Formal Methods Workshop},
    YEAR = {2000},
    EDITOR = {{C.} Michael Holloway},
    PAGES = {187-196},
    ADDRESS = {Hampton, {VA}},
    MONTH = {jun},
    ORGANIZATION = {{NASA} Langley Research Center}
}

@PhdThesis{Berezin2002,
  author = 	 {S.~Berezin},
  title = 	 {Model Checking and Theorem Proving: a Unified Framework},
  school = 	 {Carnegie Mellon University School of Computer Science},
  year = 	 {2002},
  OPTkey = 	 {},
  OPTtype = 	 {},
  OPTaddress = 	 {},
  OPTmonth = 	 {},
  note = 	 {Tool {URL} : {\url{http://www.cs.cmu.edu/}\verb+~+\url{modelcheck/symp.html}}},
  OPTannote = 	 {}
}

@InProceedings{Berghofer2001,
  author = 	 {S.~Berghofer and T.~Nipkow},
  title = 	 {Executing Higher Order Logic},
  booktitle = 	 {Supplementary Proceedings of the 14th International Conference on Theorem Proving in Higher Order Logics},
  OPTcrossref =  {},
  OPTkey = 	 {},
  OPTpages = 	 {},
  year = 	 {2001},
  editor = 	 {R.~J.~Boulton and P.~B.~Jackson},
  OPTvolume = 	 {},
  OPTnumber = 	 {},
  series = 	 {Technical Report},
  OPTaddress = 	 {},
  OPTmonth = 	 {},
  organization = {Informatics Division},
  publisher =    {University of Edinburgh},
  OPTnote = 	 {},
  OPTannote = 	 {}
}
 
@InBook{Berkeley1962,
  author = 	 {E.C. Berkeley},
  title = 	 {The Computer Revolution},
  OPTchapter = 	 {},
  publisher = 	 {Doubleday and Co.},
  year = 	 {1962},
  OPTkey = 	 {},
  OPTvolume = 	 {},
  OPTnumber = 	 {},
  OPTseries = 	 {},
  OPTtype = 	 {},
  OPTaddress = 	 {},
  OPTedition = 	 {},
  OPTmonth = 	 {},
  pages = 	 {175-177},
  OPTnote = 	 {},
  OPTannote = 	 {}
}

@InProceedings{berkmin,
  author = 	 {E.~Goldberg and Y.~Novikov},
  title = 	 {BerkMin: a Fast and Robust {SAT}-Solver},
  booktitle = 	 {Proceedings of the Conference on Design, Automation and Test in Europe - DATE},
  OPTcrossref =  {},
  OPTkey = 	 {},
  pages = 	 {142-149},
  year = 	 {2002},
  OPTeditor = 	 {},
  OPTvolume = 	 {},
  OPTnumber = 	 {},
  OPTseries = 	 {},
  OPTaddress = 	 {},
  month = 	 {March},
  organization = {IEEE Computer Society},
  publisher = {IEEE Press},
  OPTnote = 	 {},
  OPTannote = 	 {}
}

@InProceedings{Biere1999,
  author = 	 {Armin Biere and Edmund M. Clarke and Yunshan Zhu},
  title = 	 {Combining Local and Global Model Checking},
  booktitle = 	 {Electronic Notes in Theoretical Computer Science},
  OPTcrossref =  {},
  OPTkey = 	 {},
  OPTpages = 	 {},
  year = 	 {1999},
  editor = 	 {Alessandro Cimatti and Orna Grumberg},
  volume = 	 {23(2)},
  OPTnumber = 	 {},
  OPTseries = 	 {},
  OPTaddress = 	 {},
  OPTmonth = 	 {},
  OPTorganization = {},
  publisher = {Elsevier},
  OPTnote = 	 {},
  OPTannote = 	 {}
}

@InProceedings{Biere1999b,
  author = 	 {Armin Biere and Alessandro Cimatti and Edmund M. Clarke and Yunshan Zhu},
  title = 	 {Symbolic Model Checking without {BDDs}},
  booktitle = 	 {Tools and Algorithms for Construction and Analysis of Systems},
  OPTcrossref =  {},
  OPTkey = 	 {},
  OPTpages = 	 {193-207},
  year = 	 {1999},
  editor = 	 {Rance Cleaveland},
  volume = 	 {1579},
  OPTnumber = 	 {},
  series = 	 {LNCS},
  OPTaddress = 	 {},
  month = 	 {March},
  OPTorganization = {},
  publisher = {Springer},
  OPTnote = 	 {},
  OPTannote = 	 {}
}

@InProceedings{Bjorner1996,
  author = 	 {Nikolaj Bj{\o}rner and Anca Browne and Zohar Manna},
  title = 	 {Automatic Generation of Invariants and Assertions},
  OPTcrossref =  {},
  OPTkey = 	 {},
  booktitle = {Principles and Practice of Constraint Programming - CP'95},
  pages = 	 {589-623},
  year = 	 {1995},
  editor = 	 {Ugo Montanari and Francesca Rossi},
  volume = 	 {976},
  OPTnumber = 	 {},
  series = 	 {Lecture Notes in Computer Science},
  address = 	 {},
  OPTmonth = 	 {},
  OPTorganization = {},
  publisher = {Springer},
  OPTnote = 	 {},
  OPTannote = 	 {}
}

@Article{Bjorner2001,
  author = 	 {Nikolaj Bj{\o}rner and Zohar Manna and Henny Sipma and Tomas Uribe},
  title = 	 {Deductive Verification of Real-time Systems using {STeP}},
  journal = 	 {Theoretical Computer Science},
  year = 	 {2001},
  OPTkey = 	 {},
  editor = {Catuscia Palamidessi},
  volume = 	 {253},
  number = 	 {1},
  pages = 	 {27-60},
  OPTmonth = 	 {},
  note = 	 {Tool {URL}: {\url{http://www-step.stanford.edu}}},
  OPTannote = 	 {}
}

@TechReport{Boulton1994,
  author = 	 {Richard John Boulton},
  title = 	 {Efficiency in a Fully-Expansive Theorem Prover},
  institution =  {University of Cambridge Computer Laboratory},
  year = 	 {1994},
  OPTkey = 	 {},
  OPTtype = 	 {},
  OPTnumber = 	 {337},
  OPTaddress = 	 {},
  OPTmonth = 	 {May},
  OPTnote = 	 {},
  OPTannote = 	 {}
}

@Book{Boyer1979,
  author = 	 {R.~Boyer and J.~Moore},
  ALTeditor = 	 {},
  title = 	 {A Computational Logic},
  publisher = 	 {Academic Press},
  year = 	 {1979},
  OPTkey = 	 {},
  OPTvolume = 	 {},
  OPTnumber = 	 {},
  OPTseries = 	 {},
  OPTaddress = 	 {},
  OPTedition = 	 {},
  OPTmonth = 	 {},
  OPTnote = 	 {},
  OPTannote = 	 {}
}

@InProceedings{Brace1990,
  author = 	 {K. Brace and R. Rudell and R. Bryant},
  title = 	 {Efficient implementation of a {BDD} package},
  booktitle = 	 {Design Automation Conference},
  OPTcrossref =  {},
  OPTkey = 	 {},
  pages = 	 {40-45},
  year = 	 {1990},
  editor = 	 {Richard C. Smith},
  OPTvolume = 	 {},
  OPTnumber = 	 {},
  OPTseries = 	 {},
  OPTaddress = 	 {},
  OPTmonth = 	 {},
  organization = {ACM/IEEE},
  publisher = {IEEE Computer Society Press},
  OPTnote = 	 {},
  OPTannote = 	 {}
}

@Article{Browne1997,
  author = 	 {A. Browne and Edmund M. Clarke and Somesh Jha and David E. Long and Wilfredo R. Marrero},
  title = 	 {An Improved Algorithm for the Evaluation of Fixpoint Expressions},
  journal = 	 {Theoretical Computer Science},
  year = 	 {1997},
  OPTkey = 	 {},
  volume = 	 {178},
  number = 	 {1-2},
  OPTpages = 	 {237-255},
  OPTmonth = 	 {},
  OPTnote = 	 {},
  OPTannote = 	 {}
}

@Article{Bryant1984,
  author = 	 {R.~E.~Bryant},
  title = 	 {A Switch-Level Model and Simulator for {MOS} Digital Systems},
  journal = 	 {IEEE Transactions on Computers},
  year = 	 {1984},
  OPTkey = 	 {},
  volume = 	 {C-33},
  number = 	 {2},
  pages = 	 {160-177},
  OPTmonth = 	 {},
  OPTnote = 	 {},
  OPTannote = 	 {}
}

@article{Bryant1986,
 author = {R.~E.~Bryant},
 title = {Graph-Based Algorithms for {B}oolean Function Manipulation},
 journal = {IEEE Transactions on Computers},
 volume = {C-35},
 number = {8},
 month = {August},
 year = {1986},
 pages = {677-691}
}

@Article{Bryant1992,
  author = 	 {R.~E.~Bryant},
  title = 	 {Symbolic Boolean Manipulation with Ordered Binary Decision Diagrams},
  journal = 	 {ACM Computing Surveys},
  year = 	 {1992},
  OPTkey = 	 {},
  volume = 	 {24},
  number = 	 {3},
  pages = 	 {293-318},
  month = 	 {September},
  OPTnote = 	 {},
  OPTannote = 	 {}
}

@inproceedings{Bryant2002,
  author = {R.~E.~Bryant and S.~Lahiri and S.~Seshia},
  title = {Modeling and verifying systems using a logic of counter arithmetic with lambda expressions and uninterpreted functions},
  editor = {E. Brinksma and K. G. Larsen}, 
  booktitle = {Proc. 14th Intl. Conference on Computer Aided Verification},
  pages = 	{78-92},
  volume = 	 {2404},
  series = 	 {LNCS},
  publisher = {Springer}, 
  year = 	 {2002}
}

@InProceedings{Burch1990,
  author = 	 {J.~R.~Burch and E.~M.~Clarke and K.~L.~McMillan and D.~L.~Dill},
  title = 	 {Sequential Circuit Verification Using Symbolic Model Checking},
  booktitle = 	 {Proceedings of the ACM Design Automation Conference},
  OPTcrossref =  {},
  OPTkey = 	 {},
  OPTpages = 	 {},
  year = 	 {1990},
  editor = 	 {Richard C. Smith},
  OPTvolume = 	 {},
  OPTnumber = 	 {},
  OPTseries = 	 {},
  OPTaddress = 	 {},
  month = 	 {June},
  organization = {ACM/IEEE},
  publisher = {IEEE Computer Society Press},
  isbn = {0-8186-9650-X},
  OPTnote = 	 {},
  OPTannote = 	 {}
}


@InProceedings{Burch1991,
  author = 	 {J.~R.~Burch and E.~M.~Clarke and D.~E.~Long},
  title = 	 {Representing Circuits More Efficiently in Symbolic Model Checking},
  booktitle = 	 {Proceedings of the ACM Design Automation Conference},
  OPTcrossref =  {},
  OPTkey = 	 {},
  OPTpages = 	 {},
  year = 	 {1991},
  editor = 	 {A. Richard Newton},
  OPTvolume = 	 {},
  OPTnumber = 	 {},
  OPTseries = 	 {},
  OPTaddress = 	 {},
  month = 	 {June},
  organization = {ACM},
  isbn = {0-89791395-7},
  OPTpublisher = {},
  OPTnote = 	 {},
  OPTannote = 	 {}
}

@inproceedings{Campos1995,
    author = {S.~Campos and {E.M. Clarke} and {W. Marrero} and {M. Minea}},
    title = {{V}erifying the {P}erformance of the {PCI} {L}ocal {B}us using {S}ymbolic {T}echniques},
    booktitle = {Proceedings of the {IEEE} International Conference on Computer Design ({ICCD} '95)},
    editor = {Andreas Kuehlmann},
    month = {October},
    address = {Austin, Texas},
    year = {1995}
}


@Article{Cardelli1985,
  author = 	 {L.~Cardelli, P.~Wegner},
  title = 	 {On understanding types, data abstraction, and polymorphism},
  journal = 	 {ACM Computing Surveys},
  year = 	 {1985},
  OPTkey = 	 {},
  volume = 	 {17},
  number = 	 {4},
  pages = 	 {471-522},
  OPTmonth = 	 {},
  OPTnote = 	 {},
  OPTannote = 	 {}
}

@inproceedings{Chou1996,
    author = {Ching-Tsun Chou and Doron Peled},
    title = {Formal Verification of a Partial-Order Reduction Technique for Model Checking},
    booktitle = {Tools and Algorithms for Construction and Analysis of Systems},
    pages = {241-257},
    year = {1996},
  editor = {Tiziana Margaria and Bernhard Steffen},
  volume = 	 {1055},
  OPTnumber = 	 {},
  series = 	 {LNCS},
  OPTaddress = 	 {},
  month = 	 {March},
  OPTorganization = {},
  publisher = {Springer}
}

@Article{Church1940,
  author = 	 {A.~Church},
  title = 	 {A Formulation of the Simple Theory of Types},
  journal = 	 {Journal of Symbolic Logic},
  year = 	 {1940},
  OPTkey = 	 {},
  volume = 	 {5},
  number = 	 {2},
  pages = 	 {56-68},
  month = 	 {June},
  OPTnote = 	 {},
  OPTannote = 	 {}
}

@InProceedings{Cimatti2002,
  author = 	 {Alessandro Cimatti and Edmund M. Clarke and Enrico Giunchiglia and Fausto Giunchiglia and Marco Pistore and Marco Roveriand Roberto Sebastiani and Armando Tacchella},
  title = 	 {{NuSMV} 2: An {OpenSource} Tool for Symbolic Model Checking},
  booktitle = 	 {Computer Aided Verification},
  OPTcrossref =  {},
  OPTkey = 	 {},
  OPTpages = 	 {},
  year = 	 {2002},
  editor = 	 {Ed Brinksma and Kim Guldstrand Larsen},
  volume = 	 {2404},
  OPTnumber = 	 {},
  series = 	 {LNCS},
  OPTaddress = 	 {},
  month = 	 {March},
  OPTorganization = {},
  publisher = {Springer},
  OPTnote = 	 {},
  OPTannote = 	 {}
}

@Misc{CommonCriteria,
  key = 	 {Common Criteria},
  OPTauthor = 	 {},
  title = 	 {{Common Criteria Version 2.1}},
  howpublished = {{\url{http://csrc.nist.gov/cc/}}},
  month = 	 {August},
  year = 	 {1999},
  OPTnote = 	 {},
  OPTannote = 	 {}
}

@book{Constable1986,
  author =    {Constable, Robert L. and Stuart F. Allen and H. M. Bromley and 
               W. R. Cleaveland and J. F. Cremer and R. W. Harper and Douglas J. Howe and 
               T. B. Knoblock and N. P. Mendler and P. Panangaden and James T. Sasaki and
               Scott F. Smith},
  title =     {Implementing Mathematics with the {N}uprl Development System},
  publisher = {Prentice-Hall},
  year =      {1986},
  address =   {NJ},
  note    = {Tool {URL} : \url{http://www.cs.cornell.edu/Info/Projects/NuPrl/nuprl.html}}
}

@Misc{Cooley2003,
  OPTkey = 	 {},
  author = 	 {John Cooley},
  title = 	 {Trip Report: Design Automation Conference 2003},
  howpublished = {\url{http://www.deepchip.com/posts/dac03.html}},
  month = 	 {January},
  year = 	 {2004},
  OPTnote = 	 {},
  OPTannote = 	 {}
}

@InProceedings{Coudert1989b,
  author = 	 {O. Coudert and C. Berthet and J. Madre},
  title = 	 {Verification of synchronous sequential machines using symbolic execution},
  OPTcrossref =  {},
  OPTkey = 	 {},
  booktitle = {International Workshop on Automatic Verification Methods for Finite State Systems},
  pages = 	 {365-373},
  year = 	 {1989},
  editor = 	 {Joseph Sifakis},
  volume = 	 {407},
  OPTnumber = 	 {},
  series = 	 {LNCS},
  address = 	 {Grenoble, France},
  month = 	 {June},
  organization = {},
  publisher = {Springer-Verlag},
  OPTnote = 	 {},
  OPTannote = 	 {}
}

@InProceedings{Coudert1989,
  author = 	 {O. Coudert and C. Berthet and J. Madre},
  title = 	 {Verification of Synchronous Sequential Machines using Boolean Functional Vectors},
  booktitle = 	 {IFIP International Workshop on Applied Formal Methods for Correct VLSI Design},
  OPTcrossref =  {},
  OPTkey = 	 {},
  pages = 	 {111-128},
  year = 	 {1989},
  OPTeditor = 	 {},
  OPTvolume = 	 {},
  OPTnumber = 	 {},
  OPTseries = 	 {},
  address = 	 {Leuven, Belgium},
  month = 	 {November},
  OPTorganization = {},
  OPTpublisher = {},
  OPTnote = 	 {},
  OPTannote = 	 {}
}

@inproceedings{Clarke1992,
    author = "E.~M.~Clarke and Xudong Zhao",
    title = "Analytica-{A} theorem prover in {M}athematica",
    booktitle = "Automated Deduction - {CADE'92}",
    editor = {Deepak Kapur},
    volume = {607},
    series = {LNCS},
    publisher = {Springer},
    month = "June 15-18",
    pages = "761--763",
    year = "1992"
}

@TechReport{Clarke1992b,
  author = 	 {E.~M.~Clarke and O. Grumberg and H. Hiraishi and S. Jha and D. E. Long and K. L. McMillan and L. A. Ness},
  title = 	 {Verification of the {Futurebus+} Cache Coherence Protocol},
  institution =  {Carnegie Mellon University},
  year = 	 {1992},
  OPTkey = 	 {},
  OPTtype = 	 {},
  number = 	 {CMU-CS-92-206},
  OPTaddress = 	 {},
  month = 	 {October},
  OPTnote = 	 {},
  OPTannote = 	 {}
}

@Article{Clarke1994,
    author = "E.~M.~Clarke and Orna Grumberg and David E. Long",
    title = "Model Checking and Abstraction",
    journal = "ACM Transactions on Programming Languages and Systems",
    volume = "16",
    number = "5",
    month = "September",
    publisher = "ACM Press",
    pages = "1512--1542",
    year = "1994"
}

@Article{Clarke1996,
  author = 	 {E.~M.~Clarke and J. Wing},
  title = 	 {Formal Methods: State of the Art and Future Directions},
  journal = 	 {ACM Computing Surveys},
  year = 	 {1996},
  OPTkey = 	 {},
  volume = 	 {28},
  number = 	 {4},
  pages = 	 {626-642},
  publisher = "ACM Press",
  OPTmonth = 	 {},
  OPTnote = 	 {},
  OPTannote = 	 {}
}

@Article{Clarke1997,
  author = 	 {E.~M.~Clarke and O.~Grumberg and K.~Hamaguchi},
  title = 	 {Another Look at {LTL} model checking},
  journal = 	 {Formal Methods in System Design},
  year = 	 {1997},
  OPTkey = 	 {},
  volume = 	 {10},
  number = 	 {1},
  pages = 	 {47-71},
  publisher = {Kluwer},
  OPTmonth = 	 {},
  OPTnote = 	 {},
  OPTannote = 	 {}
}

@Book{Clarke1999,
  author = 	 {E.~M.~Clarke and O.~Grumberg and D.~Peled},
  title = 	 {Model Checking},
  publisher = 	 {The MIT Press},
  year = 	 {1999},
  OPTkey = 	 {},
  OPTvolume = 	 {},
  OPTnumber = 	 {},
  OPTseries = 	 {},
  OPTaddress = 	 {},
  OPTedition = 	 {},
  OPTmonth = 	 {},
  OPTnote = 	 {},
  OPTannote = 	 {}
}

@InProceedings{Clarke2000,
  author = 	 {E.~M.~Clarke and Orna Grumberg and Somesh Jha and Yuan Lu and Helmut Veith},
  title = 	 {Counterexample-Guided Abstraction Refinement},
  booktitle = 	 {Computer Aided Verification - (CAV'00)},
  OPTcrossref =  {},
  OPTkey = 	 {},
  pages = 	 {154-169},
  year = 	 {2000},
  editor = 	 {Allen Emerson and A. Prasad Sistla},
  volume = 	 {1855},
  OPTnumber = 	 {},
  series = 	 {LNCS},
  OPTaddress = 	 {},
  OPTmonth = 	 {July},
  OPTorganization = {},
  publisher = {Springer},
  OPTnote = 	 {},
  OPTannote = 	 {}
}

@InProceedings{Clarke2002,
  author = "E.~M.~Clarke and A.~Gupta and J.~Kukula and O.~Strichman",
  title = "{SAT} based abstraction-refinement using {ILP} and machine learning techniques",
  booktitle = "Proc. of Conference on Computer-Aided Verification (CAV'02)", 
  pages = {265-279},
  editor = {Ed Brinksma and Kim Guldstrand Larsen},
  volume = {2404},
  series = {LNCS}, 
  month = {July},
  publisher = {Springer},
  year = "2002"
}

@InProceedings{Clarke2003,
  author = 	 {E.~M.~Clarke and Michael Kohlhase and Joel Ouaknine and Klaus Sutner},
  title = 	 {System description: {A}nalytica 2},
  booktitle = 	 {CALCULEMUS},
  OPTcrossref =  {},
  OPTkey = 	 {},
  OPTpages = 	 {},
  year = 	 {2003},
  OPTeditor = 	 {Th\'er\`ese Hardin and Renaud Rioboo},
  OPTvolume = 	 {},
  number = 	 {LIP6 2003/010},
  series = 	 {Technical Reports},
  address = 	 {Rome},
  month = 	 {September},
  organization = {Laboratoire D'Informatique de Paris 6},
  OPTpublisher = {},
  OPTnote = 	 {},
  OPTannote = 	 {}
}

@Article{Cleaveland1990,
  author = 	 {R.~Cleaveland},
  title = 	 {Tableau-based Model Checking in the Propositional Mu-Calculus},
  journal = 	 {Acta Informatica},
  year = 	 {1990},
  OPTkey = 	 {},
  volume = 	 {27},
  number = 	 {9},
  pages = 	 {725-747},
  month = 	 {September},
  OPTnote = 	 {},
  OPTannote = 	 {}
}

@Article{Cooper1972,
  author = 	 {D.~C.~Cooper},
  title = 	 {Theorem-proving in arithmetic without multiplication},
  journal = 	 {Machine Intell.},
  year = 	 {1972},
  OPTkey = 	 {},
  volume = 	 {7},
  OPTnumber = 	 {},
  pages = 	 {91-100},
  OPTmonth = 	 {},
  publisher = 	 {J. Wiley},
  OPTannote = 	 {}
}

@InCollection{Coquand1990,
  author = 	 {Thierry Coquand},
  title = 	 {Metamathematical Investigations of a Calculus of Constructions},
  booktitle = 	 {Logic and Computer Science},
  OPTcrossref =  {},
  OPTkey = 	 {},
  OPTpages = 	 {},
  publisher = {Academic Press},
  year = 	 {1990},
  editor = 	 {P. Oddifredi},
  OPTvolume = 	 {},
  OPTnumber = 	 {},
  OPTseries = 	 {},
  OPTtype = 	 {},
  OPTchapter = 	 {},
  OPTaddress = 	 {},
  OPTedition = 	 {},
  OPTmonth = 	 {},
  OPTnote = 	 {},
  OPTannote = 	 {}
}

@InProceedings{Cousot1977,
  author = 	 {Patrick Cousot and Radhia Cousot},
  title = 	 {Abstract Interpretation: A Unified Lattice Model for Static Analysis of Programs by Construction or Approximation of Fixpoints},
  booktitle = 	 {Fourth ACM Symposium on Principles of Programming Languages},
  OPTcrossref =  {},
  OPTkey = 	 {},
  pages = 	 {238-252},
  year = 	 {1977},
  OPTeditor = 	 {},
  OPTvolume = 	 {},
  OPTnumber = 	 {},
  OPTseries = 	 {},
  OPTaddress = 	 {},
  month = 	 {January},
  organization = {ACM},
  OPTpublisher = {},
  OPTnote = 	 {},
  OPTannote = 	 {}
}

@Misc{CUDD,
  OPTkey = 	 {},
  author = 	 {Fabio Somenzi},
  OPTtitle = 	 {{C}olorado {U}niversity {D}ecision {D}iagram package},
  howpublished = {Tool {URL} \url{http://vlsi.colorado.edu/~fabio/CUDD/}},
  OPTmonth = 	 {},
  year = 	 {2003},
  OPTnote = 	 {Release 2.3.1},
  OPTannote = 	 {}
}

@Misc{CWB,
  author =	 {F. Moller and P. Stevens},
  title =	 {{E}dinburgh {C}oncurrency {W}orkbench User Manual (Version 7.1)}, 
  howpublished = {Available from \url{http://www.dcs.ed.ac.uk/home/cwb/}},
}

@Article{Dam1994,
  author = 	 {M.~Dam},
  title = 	 {{CTL}* and {ECTL}* as fragments of the modal mu-calculus},
  journal = 	 {Theoretical Computer Science},
  year = 	 {1994},
  OPTkey = 	 {},
  volume = 	 {126},
  number = 	 {1},
  pages = 	 {77-96},
  OPTmonth = 	 {},
  OPTnote = 	 {},
  OPTannote = 	 {}
}

@InProceedings{DasDill2002,
    author = {Satyaki Das and David L. Dill},
    title = {Counter-Example Based Predicate Discovery in
              Predicate Abstraction},
    booktitle = {Formal Methods in Computer-Aided Design},
    editor    = {Mark Aagaard and John W. O'Leary},
    publisher = {Springer},
    series    = {Lecture Notes in Computer Science},
    volume    = {2517},
    month = {November},
    year = {2002}
}

@Article{Davis1962,
  author = 	 {M. Davis and G. Logemann and D. Loveland},
  title = 	 {A machine program for theorem proving},
  journal = 	 {Journal of the ACM},
  year = 	 {1962},
  OPTkey = 	 {},
  volume = 	 {5},
  number = 	 {7},
  OPTpages = 	 {},
  OPTmonth = 	 {},
  OPTnote = 	 {},
  OPTannote = 	 {}
}

@TechReport{Detlefs2003,
  author = 	 {David Detlefs and Greg Nelson and James B. Saxe},
  title = 	 {Simplify: {A} theorem prover for program checking},
  institution =  {HP Laboratories},
  year = 	 {2003},
  OPTkey = 	 {},
  OPTtype = 	 {},
  number = 	 {HPL-2003-148},
  OPTaddress = 	 {},
  month = 	 {July},
  OPTnote = 	 {},
  OPTannote = 	 {}
}

@Book{Dijkstra1976,
  author = 	 {E.~J.~Dijkstra},
  ALTeditor = 	 {},
  title = 	 {A Discipline of Programming},
  publisher = 	 {Prentice-Hall},
  year = 	 {1976},
  OPTkey = 	 {},
  OPTvolume = 	 {},
  OPTnumber = 	 {},
  OPTseries = 	 {},
  OPTaddress = 	 {},
  OPTedition = 	 {},
  OPTmonth = 	 {},
  OPTnote = 	 {},
  OPTannote = 	 {}
}

@InProceedings{Dingel1995,
  author = 	 {J.~Dingel and T.~Filkorn},
  title = 	 {Model checking for infinite state systems using data abtraction, assumption-commitment style reasoning and theorem proving},
  booktitle = 	 {Proceedings of the 1995 Workshop on Computer Aided Verification},
  OPTcrossref =  {},
  OPTkey = 	 {},
  pages = 	 {54-69},
  year = 	 {1995},
  OPTeditor = 	 {P.~Wolper},
  volume = 	 {939},
  OPTnumber = 	 {},
  series = 	 {LNCS},
  OPTaddress = 	 {},
  OPTmonth = 	 {},
  OPTorganization = {},
  publisher = {Springer},
  OPTnote = 	 {},
  OPTannote = 	 {}
}



@Manual{DoE2003,
  title = 	 {Interim Report: Causes of the August 14th Blackout in the {U}nited {S}tates and {C}anada},
  OPTkey = 	 {},
  OPTauthor = 	 {},
  organization = {U.S.-Canada Power System Outage Task Force},
  OPTaddress = 	 {},
  OPTedition = 	 {},
  month = 	 {November},
  year = 	 {2003},
  note = 	 {Available from \url{https://reports.energy.gov/}},
  OPTannote = 	 {}
}

@InProceedings{Emerson1986,
  author = 	 {E.~A.~Emerson and C-L.~Lei},
  title = 	 {Efficient model checking in fragments of the propositional mu-calculus},
  booktitle = 	 {1st Annual Symposium on Logic in Computer Science},
  OPTcrossref =  {},
  key = 	 {Emerson},
  pages = 	 {267-278},
  year = 	 {1986},
  OPTeditor = 	 {},
  OPTvolume = 	 {},
  OPTnumber = 	 {},
  OPTseries = 	 {},
  OPTaddress = 	 {},
  OPTmonth = 	 {June},
  OPTorganization = {},
  publisher = {IEEE Computer Society Press},
  OPTnote = 	 {},
  OPTannote = 	 {}
}

@InProceedings{Emerson1991,
  author = 	 {E.~A.~Emerson and C.~S.~Jutla},
  title = 	 {Tree automata, mu-calculus and determinacy},
  booktitle = 	 {32nd Annual Symposium on Foundations of Computer Science},
  OPTcrossref =  {},
  OPTkey = 	 {},
  pages = 	 {368-377},
  year = 	 {1991},
  OPTeditor = 	 {},
  OPTvolume = 	 {},
  OPTnumber = 	 {},
  OPTseries = 	 {},
  OPTaddress = 	 {},
  OPTmonth = 	 {},
  OPTorganization = {},
  publisher = {IEEE Computer Society Press},
  note = 	 {Extended abstract},
  OPTannote = 	 {}
}

@InProceedings{Emerson1993,
  author = 	 {E.~A.~Emerson and A. Prasad Sistla},
  title = 	 {Symmetry and Model Checking},
  booktitle = 	 {Computer Aided Verification - {CAV'93}},
  OPTcrossref =  {},
  OPTkey = 	 {},
  pages = 	 {463-478},
  year = 	 {1993},
  editor = 	 {Costas Courcoubetis},
  volume = 	 {697},
  OPTnumber = 	 {},
  series = 	 {LNCS},
  OPTaddress = 	 {},
  OPTmonth = 	 {},
  OPTorganization = {},
  publisher = {Springer},
  OPTnote = 	 {},
  OPTannote = 	 {}
}

@InProceedings{Fiore1999,
  author = 	 {M.~P.~Fiore and G.~D.~Plotkin and D.~Turi},
  title = 	 {Abstract syntax and variable binding},
  booktitle = 	 {Proceedings of the 14th Logic in Computer Science Conference},
  OPTcrossref =  {},
  OPTkey = 	 {},
  pages = 	 {193-202},
  year = 	 {1999},
  editor = 	 {G.~Longo},
  OPTvolume = 	 {},
  OPTnumber = 	 {},
  OPTseries = 	 {},
  OPTaddress = 	 {},
  OPTmonth = 	 {},
  organization = {IEEE},
  publisher =    {IEEE Computer Society Press},
  OPTnote = 	 {},
  OPTannote = 	 {}
}

@Manual{FDR,
  title =        {{Failures-Divergence Refinement}: {FDR\,2} User Manual},
  organization = {Formal Systems (Europe) Ltd},
  year =         {1992-2004},
  note =         {\verb+http://www.fsel.com/fdr2_manual.html+}
}

@InProceedings{Floyd1967,
  author = 	 {R.~W.~Floyd},
  title = 	 {Assigning Meanings to Programs},
  booktitle = 	 {Proceedings of Symposia in Appl. Math.},
  OPTcrossref =  {},
  OPTkey = 	 {},
  pages = 	 {19-32},
  year = 	 {1967},
  editor = 	 {J. T. Schwartz},
  volume = 	 {19},
  OPTnumber = 	 {},
  OPTseries = 	 {},
  OPTaddress = 	 {},
  OPTmonth = 	 {},
  organization = {American Mathematical Society},
  OPTpublisher = {},
  OPTnote = 	 {},
  OPTannote = 	 {}
}

@TechReport{Fox2002,
  author = 	 {A.C.J. Fox},
  title = 	 {Formal verification of the {ARM6} micro-architecture},
  institution =  {University of Cambridge Computer Laboratory},
  year = 	 {2002},
  OPTkey = 	 {},
  OPTtype = 	 {},
  number = 	 {548},
  OPTaddress = 	 {},
  OPTmonth = 	 {November},
  OPTnote = 	 {},
  OPTannote = 	 {}
}

@PhdThesis{Francez1976,
  author = 	 {N.~Francez},
  title = 	 {The Analysis of Cyclic Programs},
  school = 	 {Weizmann Institute of Science},
  year = 	 {1976},
  OPTkey = 	 {},
  OPTtype = 	 {},
  OPTaddress = 	 {},
  OPTmonth = 	 {},
  OPTnote = 	 {},
  OPTannote = 	 {}
}

@Article{Gabbay2002,
  author = 	 {M.~J.~Gabbay and A.~M.~Pitts},
  title = 	 {A New Approach to Abstract Syntax with Variable Binding},
  journal = 	 {Formal Aspects of Computing},
  year = 	 {2002},
  OPTkey = 	 {},
  volume = 	 {13},
  OPTnumber = 	 {},
  pages = 	 {341-363},
  OPTmonth = 	 {},
  note = 	 {Special issue in honour of Rod Burstall},
  OPTannote = 	 {}
}

@InProceedings{Garland1993,
  author = 	 {Stephen J. Garland and  John V. Guttag and  James J. Horning},
  title = 	 {An overview of {L}arch},
  booktitle = 	 {Functional Programming, Concurrency, Simulation and Automated Reasoning},
  OPTcrossref =  {},
  OPTkey = 	 {},
  pages = 	 {329-348},
  year = 	 {1993},
  editor = 	 {Peter E. Lauer},
  volume = 	 {693},
  OPTnumber = 	 {},
  series = 	 {LNCS},
  OPTaddress = 	 {},
  month = 	 {July},
  OPTorganization = {},
  publisher = {Springer-Verlag},
  note = 	 {Tool {URL}: \url{http://www.sds.lcs.mit.edu/spd/larch/index.html}},
  OPTannote = 	 {}
}

@InProceedings{Goel2000,
  author = 	 {Amit Goel and William R. Lee},
  title = 	 {Formal verification of an {IBM} {C}ore{C}onnect processor local bus arbiter core},
  booktitle = 	 {37th Conference on Design Automation (DAC 2000)},
  OPTcrossref =  {},
  OPTkey = 	 {},
  OPTpages = 	 {196-200},
  year = 	 {2000},
  editor = 	 {Giovanni {De Micheli}},
  OPTvolume = 	 {},
  OPTnumber = 	 {},
  OPTseries = 	 {},
  OPTaddress = 	 {},
  month = 	 {June},
  organization = {ACM},
  OPTpublisher = {},
  OPTnote = 	 {},
  OPTannote = 	 {}
}

@InProceedings{GordonA1996,
  author = 	 {A.~D.~Gordon and T.~Melham},
  title = 	 {Five Axioms of Alpha-Conversion},
  booktitle = 	 {Proceedings of the 9th International Conference on Theorem Proving in Higher Order Logics},
  OPTcrossref =  {},
  OPTkey = 	 {},
  pages = 	 {173-190},
  year = 	 {1996},
  editor = 	 {Joakim von Wright and Jim Grundy and John Harrison},
  volume = 	 {1125},
  OPTnumber = 	 {},
  series = 	 {LNCS},
  OPTaddress = 	 {},
  OPTmonth = 	 {},
  OPTorganization = {},
  publisher =    {Springer},
  OPTnote = 	 {},
  OPTannote = 	 {}
}


@InCollection{Gordon1979,
  author = 	 {M.~J.~C.~Gordon and A.~R.~G.~Milner and C.~P.~Wadsworth},
  title = 	 {Edinburgh {LCF}: A mechanised logic of computation},
  booktitle = 	 {},
  OPTcrossref =  {},
  key = 	 {Gordon1979},
  OPTpages = 	 {},
  publisher =    {Springer-Verlag},
  year = 	 {1979},
  OPTeditor = 	 {},
  volume = 	 {78},
  OPTnumber = 	 {},
  series = 	 {LNCS},
  OPTtype = 	 {},
  OPTchapter = 	 {},
  OPTaddress = 	 {},
  OPTedition = 	 {},
  OPTmonth = 	 {},
  OPTnote = 	 {},
  OPTannote = 	 {}
}

@Book{Gordon1993,
  editor        = {M.~J.~C.~Gordon and T.~F.~Melham},
  title         = {Introduction to {HOL} : {A} theorem-proving environment for higher order logic},
  publisher     = {Cambridge University Press},
  year          = 1993,
  category      = {interactive theorem provers}
}

@InProceedings{Gordon2000,
  author = 	 {M.~J.~C.~Gordon},
  title = 	 {Reachability Programming in {Hol98} using Binary Decision Diagrams},
  booktitle = 	 {Proceedings of the 13th International Conference on Theorem Proving and Higher Order Logics},
  OPTcrossref =  {},
  key = 	 {Gordon2000},
  pages = 	 {179-196},
  year = 	 {2000},
  editor = 	 {Mark Aagaard, John Harrison},
  volume = 	 {1869},
  OPTnumber = 	 {},
  series = 	 {LNCS},
  OPTaddress = 	 {},
  month = 	 {August},
  OPTorganization = {},
  publisher =    {Springer-Verlag},
  OPTnote = 	 {},
  OPTannote = 	 {}
}


@InCollection{Gordon2000b,
  author = 	 {M.~J.~C.~Gordon},
  title = 	 {From {LCF} to {HOL}: a short history},
  booktitle = 	 {Proof, language and interaction: essays in honour of {R}obin {M}ilner},
  OPTcrossref =  {},
  OPTkey = 	 {},
  pages = 	 {169-185},
  publisher = {MIT Press},
  year = 	 {2000},
  editor = 	 {Gordon Plotkin and Colin Stirling and Mads Tofte},
  OPTvolume = 	 {},
  OPTnumber = 	 {},
  OPTseries = 	 {},
  OPTtype = 	 {},
  OPTchapter = 	 {},
  OPTaddress = 	 {},
  OPTedition = 	 {},
  OPTmonth = 	 {},
  OPTnote = 	 {},
  OPTannote = 	 {}
}

@Unpublished{Gordon2001,
  author = 	 {M.~J.~C.~Gordon},
  title = 	 {\texttt{HolBddLib}},
  note = 	 {Hol98 (\emph{Kananaskis} release) documentation},
  key = 	 {Gordon2001},
  OPTmonth = 	 {},
  year = 	 {2001},
  OPTannote = 	 {}
}

@Article{Gordon2002,
  author = 	 {M.~J.~C.~Gordon},
  title = 	 {Programming Combinations of Deduction and {BDD-based} Symbolic Calculation},
  journal = 	 {LMS Journal of Computation and Mathematics},
  year = 	 {2002},
  OPTkey = 	 {},
  volume = 	 {5},
  OPTnumber = 	 {},
  pages = 	 {56-76},
  month = 	 {August},
  OPTnote = 	 {},
  OPTannote = 	 {}
}


@Misc{Gordon2002b,
  OPTkey = 	 {},
  author = 	 {M.~J.~C.~Gordon},
  title = 	 {{\texttt{HolSatLib} documentation}},
  howpublished = {\url{http://www.cl.cam.ac.uk/users/mjcg/HolSatLib/HolSatLib.ps}},
  OPTmonth = 	 {},
  year = 	 {2002},
  OPTnote = 	 {},
  OPTannote = 	 {}
}

@InProceedings{Gordon2002c,
  author = 	 {M.~J.~C.~Gordon},
  title = 	 {Using {HOL} to study {S}ugar 2.0 semantics},
  OPTcrossref =  {},
  OPTkey = 	 {},
  booktitle = {Track B Proceedings of the 15th International Conference on Theorem Proving in Higher Order Logics},
  pages = 	 {87--100},
  year = 	 {2002},
  OPTeditor = 	 {Victor Carre\~no, C\'esar Mu\~noz, Sofi\`ene Tahar},
  OPTvolume = 	 {},
  number = 	 {CP-2002-211736},
  series = 	 {Technical Reports},
  address = 	 {Washington, DC},
  OPTmonth = 	 {},
  organization = {National Aeronautics and Space Administration},
  OPTpublisher = {},
  OPTnote = 	 {},
  OPTannote = 	 {}
}


@Article{Gordon2003,
  author = 	 {M.~J.~C.~Gordon},
  title = 	 {Validating the {PSL/Sugar} semantics using automated reasoning},
  journal = 	 {Formal Aspects of Computing},
  year = 	 {2003},
  OPTkey = 	 {},
  volume = 	 {15},
  number = 	 {4},
  pages = 	 {406 - 421},
  month = 	 {December},
  OPTnote = 	 {},
  OPTannote = 	 {}
}

@InProceedings{Graf1997,
  author = 	 {S.~Graf and H.~Saidi},
  title = 	 {Construction of Abstract State Graphs with {PVS}},
  booktitle = 	 {Proceedings of Computer Aided Verification (CAV '97)},
  OPTcrossref =  {},
  OPTkey = 	 {},
  pages = 	 {72-83},
  year = 	 {1997},
  editor = 	 {Orna Grumberg},
  volume = 	 {1254},
  OPTnumber = 	 {},
  series = 	 {Lecture Notes in Computer Science},
  OPTaddress = 	 {},
  month = 	 {June},
  OPTorganization = {},
  publisher = {Springer-Verlag},
  OPTnote = 	 {},
  OPTannote = 	 {}
}

@Article{grasp,
  author = 	 {J. P. Marques-Silva and Karem A. Sakallah},
  title = 	 {{GRASP}: A Search Algorithm for Propositional Satisfiability},
  journal = 	 {{IEEE} Transactions on Computers},
  year = 	 {1999},
  OPTkey = 	 {},
  volume = 	 {48},
  number = 	 {5},
  pages = 	 {506-521},
  OPTmonth = 	 {},
  OPTnote = 	 {},
  OPTannote = 	 {}
}

@inproceedings{Griffioen1998,
    author = {David Griffioen and Marieke Huisman},
    title = {A Comparison of {PVS} and {Isabelle/{HOL}}},
    booktitle = {Theorem Proving in Higher Order Logics: 11th International Conference, {TPHOLs '98}},
    volume = {1479},
    publisher = {Springer-Verlag},
    address = {Canberra, Australia},
    editor = {Jim Grundy and Malcolm Newey},
    pages = {123--142},
    year = {1998}
}


@TechReport{Grundy2003,
  author = 	 {Jim Grundy and Tom Melham and John O'Leary},
  title = 	 {A Reflective Functional Language for Hardware Design and Theorem Proving},
  institution =  {Oxford University},
  year = 	 {2003},
  OPTkey = 	 {},
  OPTtype = 	 {},
  number = 	 {PRG-RR-03-16},
  OPTaddress = 	 {},
  OPTmonth = 	 {},
  OPTnote = 	 {},
  OPTannote = 	 {}
}

@Book{Halmos1960,
  author = 	 {P.~Halmos},
  title = 	 {Naive Set Theory},
  publisher = 	 {D. Van Nostrand Company, Inc.},
  year = 	 {1960},
  OPTkey = 	 {},
  OPTvolume = 	 {},
  OPTnumber = 	 {},
  OPTseries = 	 {},
  OPTaddress = 	 {},
  OPTedition = 	 {},
  OPTmonth = 	 {},
  OPTnote = 	 {},
  OPTannote = 	 {}
}

@TechReport{Hamberger1999,
  author = 	 {Tobias Hamberger},
  title = 	 {Integrating Theorem Proving and Model Checking in {I}sabelle/{IOA}},
  institution =  {Technische Universit\"at M\"unchen},
  year = 	 {1999},
  OPTkey = 	 {},
  OPTtype = 	 {},
  number = 	 {TUM-I},
  OPTaddress = 	 {},
  OPTmonth = 	 {},
  OPTnote = 	 {},
  OPTannote = 	 {}
}

@Article{Harrison1995,
  author = 	 {J.~Harrison},
  title = 	 {Binary Decision Diagrams as a {HOL} Derived Rule},
  journal = 	 {The Computer Journal},
  year = 	 {1995},
  OPTkey = 	 {},
  volume = 	 {38},
  number = 	 {2},
  pages = 	 {162-170},
  OPTmonth = 	 {},
  OPTnote = 	 {},
  OPTannote = 	 {}
}

@InProceedings{Harrison1996,
  author = 	 {J.~Harrison},
  title = 	 {St{\aa}lmarck's Algorithm as a {HOL} Derived Rule},
  booktitle = 	 {Theorem Proving in Higher Order Logics},
  OPTcrossref =  {},
  OPTkey = 	 {},
  pages = 	 {221-234},
  year = 	 {1996},
  editor = 	 {Joakim von Wright and Jim Grundy and John Harrison},
  volume = 	 {1125},
  OPTnumber = 	 {},
  series = 	 {LNCS},
  OPTaddress = 	 {},
  OPTmonth = 	 {},
  OPTorganization = {},
  publisher = {Springer},
  OPTnote = 	 {},
  OPTannote = 	 {}
}

@InProceedings{Harrison2003,
  author = 	 {J.~Harrison},
  title = 	 {Formal Verification at {Intel}},
  booktitle = 	 {18th Annual IEEE Symposium on Logic in Computer Science},
  OPTcrossref =  {},
  OPTkey = 	 {},
  pages = 	 {45--53},
  year = 	 {2003},
  editor = 	 {P.~G.~Kolaitis},
  OPTvolume = 	 {},
  OPTnumber = 	 {},
  OPTseries = 	 {},
  OPTaddress = 	 {},
  OPTmonth = 	 {},
  organization = {IEEE Computer Society},
  OPTpublisher = {},
  OPTnote = 	 {},
  OPTannote = 	 {}
}

@Article{Havelund2001,
  author = 	 {Klaus Havelund and Michael Lowry and John Penix},
  title = 	 {Formal Analysis of a Space Craft Controller using {SPIN}},
  journal = 	 {IEEE Trans. on Software Engineering},
  year = 	 {2001},
  OPTkey = 	 {},
  volume = 	 {27},
  number = 	 {8},
  pages = 	 {749-765},
  month = 	 {August},
  OPTnote = 	 {},
  OPTannote = 	 {}
}

@TechReport{Havelund1997,
  author = 	 {Klaus Havelund and Michael Lowry and John Penix},
  title = 	 {Formal Analysis of a Space Craft Controller using {SPIN}},
  institution =  {NASA Ames Research Center},
  year = 	 {1997},
  OPTkey = 	 {},
  OPTtype = 	 {},
  OPTnumber = 	 {},
  OPTaddress = 	 {},
  month = 	 {November},
  OPTnote = 	 {},
  OPTannote = 	 {}
}

@Article{Hazelhurst1995,
    author = "S.~Hazelhurst and {C.-J.H. Seger}",
    title = "{A} {S}imple {T}heorem {P}rover {B}ased on {S}ymbolic {T}rajectory {E}valuation and {BDD}'s",
    journal = "IEEE Transactions on Computer-Aided Design of Integrated Circuits and Systems",
    volume = "14",
    number = "4",
    pages = "413--422",
    year = "1995"
}

@inproceedings{Henriksen1995,
    author = {Jesper G. Henriksen and Jakob L. Jensen and Michael E. J{\o}rgensen and Nils Klarlund and Robert Paige and Theis Rauhe and Anders Sandholm},
    title = {{M}ona: Monadic Second-Order Logic in Practice},
    booktitle = {Tools and Algorithms for the Construction and Analysis of Systems},
    volume = {1019},
    publisher = {Springer},
    editor = {Ed Brinksma and Rance Cleaveland and Kim Guldstrand Larsen and Tiziana Margaria and Bernhard Steffen},
    pages = {89-110},
    year = {1995}
}

@Book{Hiejenoort1967,
  editor = 	 {J.~van Heijenoort},
  title = 	 {From {F}rege to {G}odel: A Source Book in Mathematical Logic, 1879-1931},
  publisher = 	 {Harvard University Press},
  year = 	 {1967},
  OPTkey = 	 {},
  OPTvolume = 	 {},
  OPTnumber = 	 {},
  OPTseries = 	 {},
  OPTaddress = 	 {},
  OPTedition = 	 {},
  OPTmonth = 	 {},
  OPTnote = 	 {},
  OPTannote = 	 {}
}

@Article{Hoare1969,
  author = 	 {C.~A.~R.~Hoare},
  title = 	 {An Axiomatic Basis for Programming},
  journal = 	 {Communications of the ACM},
  year = 	 {1969},
  OPTkey = 	 {},
  volume = 	 {12},
  number = 	 {10},
  pages = 	 {576-580},
  OPTmonth = 	 {},
  OPTnote = 	 {},
  OPTannote = 	 {}
}

@Book{Hoare1985,
  author = 	 {C.~A.~R.~Hoare},
  title = 	 {Communicating Sequential Processes},
  publisher = 	 {Prentice Hall},
  year = 	 {1985},
  OPTkey = 	 {},
  OPTvolume = 	 {},
  OPTnumber = 	 {},
  series = 	 {International Series in Computer Science},
  OPTaddress = 	 {},
  OPTedition = 	 {},
  OPTmonth = 	 {},
  OPTnote = 	 {},
  OPTannote = 	 {}
}

@Misc{HOL,
  key = 	 {HOL},
  OPTauthor = 	 {},
  title = 	 {{The HOL-4 Proof Tool}},
  howpublished = {Tool {URL} {\url{http://hol.sf.net}}},
  OPTmonth = 	 {},
  year = 	 {2003},
  OPTnote = 	 {},
  OPTannote = 	 {}
}

@InProceedings{Holzmann1996,
  author = 	 {G.~J.~Holzmann and D.~Peled},
  title = 	 {The state of {SPIN}},
  booktitle = 	 {CAV'96: 8th International Conference on Computer Aided Verification},
  OPTcrossref =  {},
  OPTkey = 	 {},
  pages = 	 {385-389},
  year = 	 {1996},
  editor = 	 {Rajeev Alur and Thomas A. Henzinger},
  volume = 	 {1102},
  OPTnumber = 	 {},
  series = 	 {LNCS},
  OPTaddress = 	 {},
  OPTmonth = 	 {},
  OPTorganization = {},
  publisher = {Springer},
  OPTnote = 	 {},
  OPTannote = 	 {}
}

@TechReport{Huet2002,
  author = 	 {Gerard Huet and Gilles Kahn  and Christine Paulin-Mohring},
  title = 	 {The {Coq} Proof Assistant : A Tutorial : Version 7.2},
  institution =  {INRIA},
  year = 	 {2002},
  OPTkey = 	 {},
  OPTtype = 	 {},
  number = 	 {{RT}-0256},
  OPTaddress = 	 {},
  month = 	 {February},
  OPTnote = 	 {},
  OPTannote = 	 {}
}

@Book{Hunt1994,
  author = 	 {Warren Hunt},
  ALTeditor = 	 {},
  title = 	 {FM8501: A Verified Microprocessor},
  publisher = 	 {Springer-Verlag},
  year = 	 {1994},
  OPTkey = 	 {},
  volume = 	 {795},
  OPTnumber = 	 {},
  series = 	 {LNAI},
  OPTaddress = 	 {},
  OPTedition = 	 {},
  OPTmonth = 	 {},
  OPTnote = 	 {},
  OPTannote = 	 {}
}


@InProceedings{Hurd2001,
  author = 	 {J.~E.~Hurd},
  title = 	 {Predicate Subtyping with Predicate Sets},
  OPTcrossref =  {},
  OPTkey = 	 {},
  booktitle = {Theorem Proving in Higher Order Logics},
  pages = 	 {265-280},
  year = 	 {2001},
  editor = 	 {Richard J. Boulton and Paul B. Jackson},
  volume = 	 {2152},
  OPTnumber = 	 {},
  series = 	 {LNCS},
  OPTaddress = 	 {},
  month = 	 {September},
  OPTorganization = {},
  publisher = {Springer},
  OPTnote = 	 {},
  OPTannote = 	 {}
}

@INPROCEEDINGS{Hurd2002,
  AUTHOR = {J.~E.~Hurd},
  TITLE = {Fast Normalization in the {HOL} Theorem Prover},
  BOOKTITLE = {Ninth Workshop on Automated Reasoning: Bridging the Gap between Theory and Practice},
  EDITOR = {Toby Walsh},
  MONTH = {APR},
  YEAR = {2002},
  ADDRESS = {Imperial College, London, UK},
  PUBLISHER = {The Society for the Study of Artificial Intelligence and Simulation of Behaviour},
  NOTE = {An extended abstract},
}

@ARTICLE{Hurd2003,
  AUTHOR = {J.~E.~Hurd},
  TITLE = {Verification of the {Miller-Rabin} Probabilistic Primality Test},
  JOURNAL = {Journal of Logic and Algebraic Programming},
  MONTH = {May-August},
  YEAR = {2003},
  VOLUME = 50,
  NUMBER = {1-2},
  PAGES = {3-21}
}

@Manual{Intel1994,
  title = 	 {Statistical Analysis of Floating Point Flaw},
  OPTkey = 	 {},
  OPTauthor = 	 {},
  organization = {Intel Corporation},
  OPTaddress = 	 {},
  OPTedition = 	 {},
  month = 	 {November},
  year = 	 {1994},
  note = 	 {Available from \url{http://support.intel.com/support/processors/pentium/fdiv/wp/}},
  OPTannote = 	 {}
}

@Misc{Janssen1993,
  OPTkey = 	 {},
  author = 	 {G.~L.~J.~M.~Janssen},
  title = 	 {{ROBDD} Software},
  OPThowpublished = {},
  month = 	 {October},
  year = 	 {1993},
  note = 	 {Department of Electrical Engineering, Eindhoven University of Technology},
  OPTannote = 	 {}
}

@InProceedings{Joyce1993,
  author = 	 {Jeffrey J. Joyce and Carl-Johan H. Seger},
  title = 	 {The {HOL-Voss} System : Model Checking inside a General-Purpose Theorem Prover},
  booktitle = 	 {Higher Order Logic Theorem Proving and its Applications},
  OPTcrossref =  {},
  OPTkey = 	 {},
  pages = 	 {185-198},
  year = 	 {1993},
  editor = 	 {Jeffrey J. Joyce and Carl-Johan H. Seger},
  volume = 	 {780},
  OPTnumber = 	 {},
  series = 	 {LNCS},
  OPTaddress = 	 {},
  OPTmonth = 	 {},
  OPTorganization = {},
  publisher = {Springer},
  OPTnote = 	 {},
  OPTannote = 	 {}
}


@Book{Kalman2001,
  author = 	 {J.~A.~Kalman},
  title = 	 {Automated Reasoning with {O}tter},
  publisher = 	 {Rinton Press},
  year = 	 {2001},
  OPTkey = 	 {},
  OPTvolume = 	 {},
  OPTnumber = 	 {},
  OPTseries = 	 {},
  OPTaddress = 	 {},
  OPTedition = 	 {},
  OPTmonth = 	 {},
  OPTnote = 	 {},
  OPTannote = 	 {}
}

@InProceedings{Katz1988,
  author = 	 {Shmuel Katz and Doron Peled},
  title = 	 {An efficient verification method for parallel and distributed programs},
  booktitle = 	 {Linear Time, Branching Time and Partial Order in Logics and Models for Concurrency},
  OPTcrossref =  {},
  OPTkey = 	 {},
  pages = 	 {489 - 507},
  year = 	 {1988},
  editor = 	 {J. W. de Bakker and Willem P. de Roever and Grzegorz Rozenberg},
  volume = 	 {354},
  OPTnumber = 	 {},
  series = 	 {LNCS},
  OPTaddress = 	 {},
  OPTmonth = 	 {},
  OPTorganization = {},
  publisher = {Springer},
  OPTnote = 	 {},
  OPTannote = 	 {}
}


@Article{Kaufmann1997,
  author = 	 {Matt Kaufmann and J. Moore},
  title = 	 {An Industrial Strength Theorem Prover for a Logic Based on {C}ommon {L}isp},
  journal = 	 {{IEEE} {T}ransactions on {S}oftware {E}ngineering},
  year = 	 {1997},
  OPTkey = 	 {},
  volume = 	 {23},
  number = 	 {4},
  pages = 	 {203-213},
  OPTmonth = 	 {},
  OPTnote = 	 {},
  OPTannote = 	 {}
}

@InProceedings{Kiniry2003,
  author = 	 {Joseph R. Kiniry and Sam Owre},
  title = 	 {Improving the {PVS} User Interface},
  booktitle = 	 {User Interfaces for Theorem Provers},
  OPTcrossref =  {},
  OPTkey = 	 {},
  pages = 	 {101-122},
  year = 	 {2003},
  editor = 	 {David Aspinall and Christoph Luth},
  OPTvolume = 	 {},
  number = 	 {189},
  series = 	 {Technical Report},
  OPTaddress = 	 {Albert-Ludwigs-Universitat Freiburg},
  month = 	 {September},
  organization = {Institut fur Informatik},
  OPTpublisher = {},
  OPTnote = 	 {},
  OPTannote = 	 {}
}

@INPROCEEDINGS{Klarlund1998,
	AUTHOR = {Nils Klarlund},
	TITLE = {Mona \& {F}ido: {T}he Logic-Automaton Connection in Practice},
        editor = {Georg Gottlob, Etienne Grandjean, Katrin Seyr},
        month = {August},
	BOOKTITLE = {Computer Science Logic, CSL},
	YEAR = {1998},
        SERIES = {LNCS},
        NUMBER= {1584},
    publisher = {Springer}
}

@Article{Kozen,
  author = 	 {D.~Kozen},
  title = 	 {Results on the propositional mu-calculus},
  journal = 	 {Theoretical Computer Science},
  year = 	 {1983},
  key = 	 {Kozen},
  volume = 	 {27},
  OPTnumber = 	 {},
  pages = 	 {333-354},
  OPTmonth = 	 {},
  OPTnote = 	 {},
  OPTannote = 	 {}
}


@Article{Kripke1963,
  author = 	 {S. A. Kripke},
  title = 	 {Semantical Considerations in Modal Logic},
  journal = 	 {Acta Philosophica Fennica},
  year = 	 {1963},
  OPTkey = 	 {},
  volume = 	 {16},
  OPTnumber = 	 {},
  pages = 	 {83-94},
  OPTmonth = 	 {},
  OPTnote = 	 {},
  OPTannote = 	 {}
}


@InProceedings{Kupferman1999,
  author = 	 {O. Kupferman and M. Y. Vardi},
  title = 	 {Vacuity detection in temporal model checking},
  OPTcrossref =  {},
  OPTkey = 	 {},
  booktitle = {Correct Hardware Design and Verication Mothods},
  OPTpages = 	 {},
  year = 	 {1999},
  OPTeditor = 	 {},
  OPTvolume = 	 {},
  number = 	 {1703},
  series = 	 {LNCS},
  OPTaddress = 	 {},
  OPTmonth = 	 {},
  OPTorganization = {},
  publisher = {Springer},
  OPTnote = 	 {},
  OPTannote = 	 {}
}

@InProceedings{Kurshan1993,
  author = 	 {R.~P.~Kurshan and L.~Lamport},
  title = 	 {Verification of a multiplier: 64 bits and beyond.},
  booktitle = 	 {Proceedings of the 5th Workshop on Computer Aided Verification},
  OPTcrossref =  {},
  OPTkey = 	 {},
  pages = 	 {166-180},
  year = 	 {1993},
  editor = 	 {C.~Courcoubetis},
  volume = 	 {697},
  OPTnumber = 	 {},
  series = 	 {LNCS},
  OPTaddress = 	 {},
  month = 	 {June},
  OPTorganization = {},
  publisher = {Springer},
  OPTnote = 	 {},
  OPTannote = 	 {}
}


@Book{Kurshan1994,
  author = 	 {R.~P.~Kurshan},
  ALTeditor = 	 {},
  title = 	 {Automata-Theoretic Verification of Coordinating Processes},
  publisher = 	 {Princeton University Press},
  year = 	 {1994},
  OPTkey = 	 {},
  OPTvolume = 	 {},
  OPTnumber = 	 {},
  OPTseries = 	 {},
  OPTaddress = 	 {},
  OPTedition = 	 {},
  OPTmonth = 	 {},
  OPTnote = 	 {},
  OPTannote = 	 {}
}

@InProceedings{Lahiri2003,
  author = 	 {Shuvendu K. Lahiri and Randal E. Bryant and Byron Cook},
  title = 	 {A symbolic Approach to Predicate Abstraction},
  booktitle = 	 {Computer-Aided Verification},
  OPTcrossref =  {},
  OPTkey = 	 {},
  OPTpages = 	 {141-153},
  year = 	 {2003},
  editor = 	 {Warren A. Hunt Jr. and Fabio Somenzi},
  volume = 	 {2725},
  OPTnumber = 	 {},
  series = 	 {LNCS},
  OPTaddress = 	 {},
  OPTmonth = 	 {},
  OPTorganization = {},
  publisher = {Springer},
  OPTnote = 	 {},
  OPTannote = 	 {}
}

@Book{Lamport2002,
  author = 	 {Leslie Lamport},
  title = 	 {Specifying Systems},
  publisher = 	 {Addison-Wesley},
  year = 	 {2002},
  OPTkey = 	 {},
  OPTvolume = 	 {},
  OPTnumber = 	 {},
  OPTseries = 	 {},
  address = 	 {Boston},
  OPTedition = 	 {},
  OPTmonth = 	 {},
  OPTnote = 	 {},
  OPTannote = 	 {}
}

@Misc{Larsen2004,
  OPTkey = 	 {},
  author = 	 {Ken Friis Larsen},
  title = 	 {Personal Communication},
  OPThowpublished = {},
  month = 	 {January},
  year = 	 {2004},
  OPTnote = 	 {},
  OPTannote = 	 {}
}

@Article{Lazic1996,
  author = 	 {R.~S.~Lazic and A.W. Roscoe},
  title = 	 {On transition systems and non-well-founded sets},
  journal = 	 {Annals of the New York Academy of Sciences},
  year = 	 {1996},
  OPTkey = 	 {},
  volume = 	 {806},
  OPTnumber = 	 {},
  pages = 	 {238-264},
  month = 	 {December},
  OPTnote = 	 {},
  OPTannote = 	 {}
}

@InProceedings{Lazic2000,
  author = 	 {R.~S.~Lazic and D.~Novak},
  title = 	 {A Unifying Approach to Data-independence},
  booktitle = 	 {Proceedings of the 11th International Conference on Concurrency Theory},
  OPTcrossref =  {},
  OPTkey = 	 {},
  pages = 	 {581-595},
  year = 	 {2000},
  editor = 	 {Catuscia Palamidessi},
  volume = 	 {1877},
  OPTnumber = 	 {},
  series = 	 {LNCS},
  OPTaddress = 	 {},
  month = 	 {August},
  OPTorganization = {},
  publisher =    {Springer},
  OPTnote = 	 {},
  OPTannote = 	 {}
}

@InProceedings{Lazic2003,
  author = 	 {R.~S.~Lazic and D. Novak},
  title = 	 {On a Semantic Definition of Data Independence},
  booktitle = 	 {Proceedings of the 6th International Conference on Typed Lambda Calculi and Applications},
  OPTcrossref =  {},
  OPTkey = 	 {},
  pages = 	 {226-24},
  year = 	 {2003},
  OPTeditor = 	 {},
  volume = 	 {2701},
  OPTnumber = 	 {},
  series = 	 {Lecture Notes in Computer Science},
  OPTaddress = 	 {},
  month = 	 {June},
  OPTorganization = {},
  publisher = {Springer},
  OPTnote = 	 {},
  OPTannote = 	 {}
}

@Article{Leveson1993,
  author = 	 {Nancy G. Leveson and Clark S. Turner},
  title = 	 {An Investigation of the {T}herac-25 accidents},
  journal = 	 {IEEE Computer},
  year = 	 {1993},
  OPTkey = 	 {},
  volume = 	 {26},
  number = 	 {6},
  pages = 	 {18-41},
  month = 	 {July},
  OPTnote = 	 {},
  OPTannote = 	 {}
}

@phdthesis{Long1993,
    author = {D.~E.~Long},
    title = {Model Checking, Abstraction, and Compositional Verification},
    school = {Carnegie Mellon University School of Computer Science},
    year = {1993}
}

@InProceedings{Long1998,
  author = 	 {D.~E.~Long},
  title = 	 {The design of a cache-friendly {BDD} library},
  booktitle = 	 {International Conference on Computer-Aided Design},
  OPTcrossref =  {},
  OPTkey = 	 {},
  pages = 	 {639-645},
  year = 	 {1998},
  OPTeditor = 	 {},
  OPTvolume = 	 {},
  OPTnumber = 	 {},
  OPTseries = 	 {},
  OPTaddress = 	 {},
  OPTmonth = 	 {},
  OPTorganization = {},
  publisher = {ACM and IEEE Computer Society},
  OPTnote = 	 {},
  OPTannote = 	 {}
}

@InProceedings{Lof1982,
  author = 	 {P. Martin-L{\"o}f},
  title = 	 {Constructive Mathematics and Computer Programming},
  booktitle = 	 {Sixth International Congress for Logic, Methodology and Philosophy of Science},
  OPTcrossref =  {},
  OPTkey = 	 {},
  pages = 	 {153--75},
  year = 	 {1982},
  OPTeditor = 	 {},
  OPTvolume = 	 {},
  OPTnumber = 	 {},
  OPTseries = 	 {},
  OPTaddress = 	 {},
  OPTmonth = 	 {},
  OPTorganization = {},
  publisher = {North-Holland},
  OPTnote = 	 {},
  OPTannote = 	 {}
}

@Article{Loveland1968,
  author = 	 {Donald W. Loveland},
  title = 	 {Mechanical Theorem-Proving by Model Elimination},
  journal = 	 {JACM},
  year = 	 {1968},
  OPTkey = 	 {},
  volume = 	 {15},
  number = 	 {2},
  pages = 	 {236-251},
  OPTmonth = 	 {},
  OPTnote = 	 {},
  OPTannote = 	 {}
}

@Article{Lynch1989,
  author = 	 {Nancy Lynch and Mark Tuttle},
  title = 	 {An Introduction to {Input/Output} automata},
  journal = 	 {CWI-Quarterly},
  year = 	 {1989},
  OPTkey = 	 {},
  volume = 	 {2},
  number = 	 {3},
  pages = 	 {219-246},
  month = 	 {September},
  note = 	 {Centrum voor Wiskunde en Informatica, Amsterdam, The Netherlands},
  OPTannote = 	 {}
}

@Book{MacKenzie2001,
  author = 	 {Donald MacKenzie},
  title = 	 {Mechanizing Proof},
  publisher = 	 {MIT Press},
  year = 	 {2001},
  OPTkey = 	 {},
  OPTvolume = 	 {},
  OPTnumber = 	 {},
  OPTseries = 	 {},
  OPTaddress = 	 {},
  OPTedition = 	 {},
  OPTmonth = 	 {},
  OPTnote = 	 {},
  OPTannote = 	 {}
}

@InBook{Manolios2000,
  author = 	 {Panagiotis Manolios},
  ALTeditor = 	 {},
  title = 	 {Computer-Aided Reasoning: {ACL2} Case Studies},
  chapter = 	 {12},
  publisher = 	 {Kluwer Academic Publishers},
  year = 	 {2000},
  OPTkey = 	 {},
  OPTvolume = 	 {},
  OPTnumber = 	 {},
  OPTseries = 	 {},
  OPTtype = 	 {},
  OPTaddress = 	 {},
  OPTedition = 	 {},
  month = 	 {June},
  pages = 	 {93-111},
  OPTnote = 	 {},
  OPTannote = 	 {}
}

@Article{Maude,
  author =       {Manuel Clavel and Francisco Dur{\'a}n and Steven Eker and
                  Patrick Lincoln and Narciso Mart{\'\i}-Oliet and Jos{\'e}
                  Meseguer and Jos{\'e} F. Quesada},
  title =        {{Maude}: Specification and Programming in Rewriting Logic},
  journal =      {Theoretical Computer Science},
  pages = {187-243},
  volume = { 285},
  number = {2},
  year =         2002,
  note =         {}
}

@InBook{McCarthy1963,
  author = 	 {J.~McCarthy},
  ALTeditor = 	 {},
  title = 	 {Computer Programming and Formal Systems},
  chapter = 	 {: A Basis for a Mathematical Theory of Computation},
  publisher = 	 {North-Holland},
  year = 	 {1967},
  OPTkey = 	 {},
  OPTvolume = 	 {},
  OPTnumber = 	 {},
  OPTseries = 	 {},
  OPTtype = 	 {},
  OPTaddress = 	 {},
  OPTedition = 	 {},
  OPTmonth = 	 {},
  pages = 	 {33-70},
  OPTnote = 	 {},
  OPTannote = 	 {}
}

@Manual{McCune2003,
  title = 	 {{O}tter 3.3 Reference Manual},
  OPTkey = 	 {},
  author = 	 {William McCune},
  organization = {Argonne National Laboratory},
  OPTaddress = 	 {},
  OPTedition = 	 {},
  month = 	 {August},
  year = 	 {2003},
  note = 	 {Tech. Memo. 263},
  OPTannote = 	 {}
}

@Book{McMillan1993,
  author = 	 {K.~L.~McMillan},
  title = 	 {Symbolic Model Checking},
  publisher = 	 {Kluwer Academic Publishers},
  year = 	 {1993},
  OPTkey = 	 {},
  OPTvolume = 	 {},
  OPTnumber = 	 {},
  OPTseries = 	 {},
  OPTaddress = 	 {},
  OPTedition = 	 {},
  OPTmonth = 	 {},
  OPTnote = 	 {},
  OPTannote = 	 {}
}

@inproceedings{McMillan1999,
    author = {K.~L.~McMillan},
    title = {Verification of Infinite State Systems by Compositional Model Checking},
    booktitle = {Correct Hardware Design and Verification Methods},
    pages = {219-234},
    editor    = {Laurence Pierre and Thomas Kropf},
    publisher = {Springer},
    series    = {Lecture Notes in Computer Science},
    volume    = {1703},
    year = {1999}}

@InProceedings{McMillan2001,
  author = 	 {K.~L.~McMillan},
  title = 	 {Parameterized Verification of the {FLASH} Cache Coherence Protocol by Compositional Model Checking},
  booktitle = 	 {Proceedings of the 11th International Conference on Correct Hardware Design and Verification Methods},
  OPTcrossref =  {},
  OPTkey = 	 {},
  pages = 	 {179-195},
  year = 	 {2001},
  editor = 	 {Tiziana Margaria and Thomas F. Melham},
  volume = 	 {2144},
  OPTnumber = 	 {},
  series = 	 {LNCS},
  OPTaddress = 	 {},
  OPTmonth = 	 {},
  OPTorganization = {},
  publisher =    {Springer},
  OPTnote = 	 {},
  OPTannote = 	 {}
}

@InProceedings{McMillan2003,
  author = 	 {K.~L.~McMillan},
  title = 	 {Interpolation and {SAT}-based Model Checking},
  booktitle = 	 {Computer-Aided Verification},
  OPTcrossref =  {},
  OPTkey = 	 {},
  pages = 	 {1--13},
  year = 	 {2003},
  editor = 	 {Warren A. Hunt Jr. and Fabio Somenzi},
  volume = 	 {2725},
  OPTnumber = 	 {},
  series = 	 {LNCS},
  OPTaddress = 	 {},
  month = 	 {July},
  OPTorganization = {},
  publisher = {Springer},
  OPTnote = 	 {},
  OPTannote = 	 {}
}

@inproceedings{Melham2002,
    author = "T.~F.~Melham",
    title = "{PROSPER} - {A}n Investigation into Software Architecture for Embedded Proof Engines",
    booktitle = "Frontiers of Combining Systems",
    pages = "193-206",
    editor = {Alessandro Armando},
    publisher = {Springer},
    volume = {2309},
    series = {LNCS},
    year = "2002"}

@InProceedings{Miller1996,
  author = 	 {Steven P. Miller and David A. Greve and Mandayam K. Srivas},
  title = 	 {Formal Verification of the {AAMP5} and {AAMP-FV} Microcode},
  booktitle = 	 {Proceedings of the Third AMAST Workshop on Real-Time Systems},
  OPTcrossref =  {},
  OPTkey = 	 {},
  OPTpages = 	 {},
  year = 	 {1996},
  OPTeditor = 	 {},
  OPTvolume = 	 {},
  OPTnumber = 	 {},
  OPTseries = 	 {},
  OPTaddress = 	 {},
  OPTmonth = 	 {March},
  OPTorganization = {},
  OPTpublisher = {},
  OPTnote = 	 {},
  OPTannote = 	 {}
}


@Article{Milner1978,
  author = 	 {A.~R.~G.~Milner},
  title = 	 {A Theory of Type Polymorphism in Programming},
  journal = 	 {Journal of Computer and System Sciences},
  year = 	 {1978},
  OPTkey = 	 {},
  volume = 	 {17},
  OPTnumber = 	 {},
  pages = 	 {348-375},
  OPTmonth = 	 {},
  OPTnote = 	 {},
  OPTannote = 	 {}
}

@Book{Milner1989,
  author = 	 {A.~R.~G.~Milner},
  title = 	 {Communication and Concurrency},
  publisher = 	 {Prentice Hall},
  year = 	 {1989},
  OPTkey = 	 {},
  OPTvolume = 	 {},
  OPTnumber = 	 {},
  OPTseries = 	 {},
  OPTaddress = 	 {},
  OPTedition = 	 {},
  OPTmonth = 	 {},
  OPTnote = 	 {},
  OPTannote = 	 {}
}

@Book{Milner1997,
  author = 	 {A.~R.~G.~Milner and Mads Tofte and Robert Harper and David MacQueen},
  title = 	 {The Definition of {S}tandard {ML} - {R}evised},
  publisher = 	 {MIT Press},
  year = 	 {1997},
  OPTkey = 	 {},
  OPTvolume = 	 {},
  OPTnumber = 	 {},
  OPTseries = 	 {},
  OPTaddress = 	 {},
  OPTedition = 	 {},
  month = 	 {May},
  OPTnote = 	 {},
  OPTannote = 	 {}
}

@Article{Misra1981,
  author = 	 {Jayadev Misra and K. Mani Chandy},
  title = 	 {Proofs of Networks of Processes},
  journal = 	 {IEEE Transactions on Software Engineering},
  year = 	 {1981},
  OPTkey = 	 {},
  volume = 	 {7},
  number = 	 {4},
  pages = 	 {417-426},
  OPTmonth = 	 {},
  OPTnote = 	 {},
  OPTannote = 	 {}
}


@InProceedings{Muller1995,
  author = 	 {Olaf M\"uller and Tobias Nipkow},
  title = 	 {Combining Model Checking and Deduction for {I/O}-Automata},
  booktitle = 	 {Tools and Algorithms for Construction and Analysis of Systems},
  OPTcrossref =  {},
  OPTkey = 	 {},
  pages = 	 {1-16},
  year = 	 {1995},
  editor = 	 {Ed Brinksma and Rance Cleaveland and Kim Guldstrand Larsen and Tiziana Margaria and Bernhard Steffen},
  volume = 	 {1019},
  OPTnumber = 	 {},
  series = 	 {LNCS},
  OPTaddress = 	 {},
  month = 	 {May},
  OPTorganization = {},
  publisher = {Springer},
  OPTnote = 	 {},
  OPTannote = 	 {}
}

@Article{Muller1997,
  author = 	 {Olaf M\"uller and Konrad Slind},
  title = 	 {Treating Partiality in a Logic of Total Functions},
  journal = 	 {The Computer Journal},
  year = 	 {1997},
  OPTkey = 	 {},
  volume = 	 {40},
  number = 	 {10},
  pages = 	 {640-652},
  OPTmonth = 	 {},
  OPTnote = 	 {},
  OPTannote = 	 {}
}

@PhdThesis{Muller1998,
  author = 	 {Olaf M\"uller},
  title = 	 {A Verification Environment for {I/O} Automata Based on Formalized Meta-Theory},
  school = 	 {Technische Universitat Munchen},
  year = 	 {1998},
  OPTkey = 	 {},
  OPTtype = 	 {},
  OPTaddress = 	 {},
  OPTmonth = 	 {},
  OPTnote = 	 {},
  OPTannote = 	 {}
}

@Manual{Muzalewski1993,
  title = 	 {An Outline of {PC} {M}izar},
  OPTkey = 	 {},
  author = 	 {M.~Muzalewski},
  organization = {Fondation Philippe le Hodey},
  address = 	 {Brussels},
  OPTedition = 	 {},
  OPTmonth = 	 {},
  year = 	 {1993},
  OPTnote = 	 {},
  annote = 	 {Tool {URL}: \url{http://mizar.org/}}
}

@InProceedings{Namjoshi2001, 
  author = 	 {Kedar S. Namjoshi}, 
  title = 	 {Certifying Model Checkers}, 
  booktitle = 	 {13th Conference on Computer Aided Verification (CAV'01)},
   editor    = {G{\'e}rard Berry and Hubert Comon and Alain Finkel},
  publisher = {Springer},
  series    = {Lecture Notes in Computer Science},
  volume    = {2102},
  month = {July},
  year =	 {2001}
}

@Article{Naur1966,
  author = 	 {P.~Naur},
  title = 	 {Proof of Algorithms by General Snapshots},
  journal = 	 {BIT},
  year = 	 {1966},
  OPTkey = 	 {},
  volume = 	 {6},
  number = 	 {4},
  pages = 	 {310-316},
  OPTmonth = 	 {},
  OPTnote = 	 {},
  OPTannote = 	 {}
}

@Article{Nelson1979,
  author = 	 {Greg Nelson and Derek C. Oppen},
  title = 	 {Simplification by Cooperating Decision Procedures},
  journal = 	 {ACM Transactions on Programming Languages and Systems},
  year = 	 {1979},
  OPTkey = 	 {},
  volume = 	 {1},
  number = 	 {2},
  pages = 	 {245-257},
  OPTmonth = 	 {},
  OPTnote = 	 {},
  OPTannote = 	 {}
}

@Unpublished{Newey2004,
  author = 	 {Malcolm Newey},
  title = 	 {A {Z} specification of the {AMBA} high-performance bus},
  note = 	 {Draft},
  OPTkey = 	 {},
  month = 	 {January},
  year = 	 {2004},
  OPTannote = 	 {}
}

@TechReport{Nielsen1999,
  author = 	 {J{\o}rn-Lind Nielsen},
  title = 	 {{BuDDy} - {A Binary Decision Diagram Package}},
  institution =  {Department of Information Technology, Technical University of Denmark},
  year = 	 {1999},
  OPTkey = 	 {},
  OPTtype = 	 {},
  OPTnumber = 	 {},
  OPTaddress = 	 {},
  OPTmonth = 	 {},
  note = 	 {{\url{http://www.itu.dk/research/buddy}}},
  OPTannote = 	 {}
}

@InProceedings{Nipkow1994,
  author = 	 {Tobias Nipkow and Konrad Slind},
  title = 	 {{I/O} Automata in {Isabelle/HOL}},
  booktitle = 	 {Types for Proofs and Programs},
  OPTcrossref =  {},
  OPTkey = 	 {},
  OPTpages = 	 {101-119},
  year = 	 {1994},
  editor = 	 {Peter Dybjer and Bengt Nordstr{\"o}m and Jan Smith},
  volume = 	 {996},
  OPTnumber = 	 {},
  series = 	 {LNCS},
  OPTaddress = 	 {},
  OPTmonth = 	 {},
  OPTorganization = {},
  publisher = {Springer},
  OPTnote = 	 {},
  OPTannote = 	 {}
}

@InProceedings{Nogin2000,
  author = 	 {Aleksey Nogin},
  title = 	 {Writing constructive proofs yielding efficient extracted programs},
  OPTcrossref =  {},
  OPTkey = 	 {},
  booktitle = {Proceedings of the Workshop on Type-Theoretic Languages: Proof Search and Semantics},
  OPTpages = 	 {},
  year = 	 {2000},
  editor = 	 {Didier Galmiche},
  OPTvolume = 	 {37},
  OPTnumber = 	 {},
  series = 	 {Electronic Notes in Theoretical Computer Science},
  OPTaddress = 	 {},
  OPTmonth = 	 {},
  OPTorganization = {},
  publisher = { Elsevier Science Publishers},
  OPTnote = 	 {},
  OPTannote = 	 {}
}

@article{Norrish2002,
    author = {Michael Norrish and Konrad Slind},
    title = {A Thread of {HOL} Development},
    journal = {The Computer Journal},
    volume = {45},
    number = {1},
    pages = {37-45},
    year = {2002}
}

@InProceedings{Norrish2003,
   author =       {Michael Norrish},
   title =        {Mechanising {Hankin} and {Barendregt} Using the
                   {Gordon-Melham} Axioms},
   booktitle =    {Proceedings of the Merlin 2003 Workshop},
   year =         {2003},
   note =         {To appear in 2004}
}

@InProceedings{Ong2002,
  author = 	 {C.-H. Luke Ong},
  title = 	 {Model Checking {A}lgol-Like Languages Using Game Semantics},
  booktitle = 	 {Foundations of Software Technology and Theoretical Computer Science},
  OPTcrossref =  {},
  OPTkey = 	 {},
  pages = 	 {33-36},
  year = 	 {2002},
  editor = 	 {Manindra Agrawal and Anil Seth},
  volume = 	 {2556},
  OPTnumber = 	 {},
  series = 	 {LNCS},
  OPTaddress = 	 {},
  OPTmonth = 	 {},
  OPTorganization = {},
  OPTpublisher = {Springer},
  OPTnote = 	 {},
  OPTannote = 	 {}
}

@inproceedings{Owre1992,
	TITLE = {{PVS}: A Prototype Verification System},
	AUTHOR = {S. Owre and J. M. Rushby and N. Shankar},
	BOOKTITLE = {11th International Conference on Automated Deduction (CADE)},
	EDITOR = {Deepak Kapur},
	PAGES = {748--752},
	PUBLISHER = {Springer-Verlag},
	SERIES = {Lecture Notes in Artificial Intelligence},
	VOLUME = {607},
	MONTH = {jun},
	YEAR = {1992},
         NOTE = {Tool {URL} :{\url{http://pvs.csl.sri.com}}} 
}

@PhdThesis{Pardo1997,
  author = 	 {Abelardo Pardo},
  title = 	 {Automatic Abstraction Techniques for Formal Verification of
                  Digital Systems},
  school = 	 {University of Colorado at Boulder},
  year = 	 {1997},
  address =	 {Dept.~of Computer Science},
  month =	 {August}
}

@InProceedings{Paulson1988,
  author = 	 {Lawrence C. Paulson},
  title = 	 {Isabelle: The Next Seven Hundred Theorem Provers},
  booktitle = 	 {9th International Conference on Automated Deduction},
  OPTcrossref =  {},
  OPTkey = 	 {},
  pages = 	 {772-773},
  year = 	 {1988},
  editor = 	 {Ewing L. Lusk and Ross A. Overbeek},
  volume = 	 {310},
  OPTnumber = 	 {},
  series = 	 {LNCS},
  OPTaddress = 	 {},
  OPTmonth = 	 {},
  OPTorganization = {},
  publisher = {Springer},
  OPTnote = 	 {},
  OPTannote = 	 {}
}

@InProceedings{Pixley1990,
  author = 	 {C. Pixley},
  title = 	 {A Computational Theory and Implementation of Sequential Hardware Equivalence},
  OPTcrossref =  {},
  OPTkey = 	 {},
  booktitle = {DIMACS Workshop on Computer Aided Verification},
  pages = 	 {293-320},
  year = 	 {1990},
  editor = 	 {E.~M.~Clarke and R.~P.~Kurshan},
  OPTvolume = 	 {},
  OPTnumber = 	 {},
  OPTseries = 	 {},
  address = 	 {Providence, RI},
  OPTmonth = 	 {},
  organization = {American Mathematical Society},
  publisher = {ACM Press},
  OPTnote = 	 {},
  OPTannote = 	 {}
}

@InProceedings{Pnueli2001,
  author = 	 {A.~Pnueli and ~S.~Rua and L.~Zuck},
  title = 	 {Automatic Deductive Verification with Invisible Invariants},
  booktitle = 	 {Proceedings of Tools and Algorithms for the Construction and Analysis of Systems},
  OPTcrossref =  {},
  OPTkey = 	 {},
  OPTpages = 	 {},
  year = 	 {2001},
  OPTeditor = 	 {},
  OPTvolume = 	 {},
  OPTnumber = 	 {},
  OPTseries = 	 {},
  OPTaddress = 	 {},
  OPTmonth = 	 {},
  OPTorganization = {},
  OPTpublisher = {},
  OPTnote = 	 {},
  OPTannote = 	 {}
}

@Article{Pugh1992,
  author = 	 {William Pugh},
  title = 	 {The {Omega} test: {A} fast and practical integer programming algorithm for dependence analysis},
  journal = 	 {Communications of the ACM},
  year = 	 {1992},
  OPTkey = 	 {},
  volume = 	 {8},
  OPTnumber = 	 {},
  pages = 	 {102-114},
  month = 	 {August},
  OPTnote = 	 {},
  OPTannote = 	 {}
}

@InProceedings{Rajan1995,
  author = 	 {S.~Rajan and N.~Shankar and M.~K.~Srivas},
  title = 	 {An integration of model checking and automated proof checking},
  booktitle = 	 {Proceedings of Computer Aided Verification},
  OPTcrossref =  {},
  OPTkey = 	 {},
  pages = 	 {84-97},
  year = 	 {1995},
  editor = 	 {Pierre Wolper},
  volume = 	 {939},
  OPTnumber = 	 {},
  series = 	 {LNCS},
  OPTaddress = 	 {},
  OPTmonth = 	 {},
  OPTorganization = {},
  publisher =    {Springer-Verlag},
  OPTnote = 	 {},
  OPTannote = 	 {}
}

@InProceedings{Riazanov1999,
  author = 	 {A.~Riazanov and A.~Voronkov},
  title = 	 {Vampire},
  booktitle = 	 {Automated Deduction (CADE)},
  OPTcrossref =  {},
  OPTkey = 	 {},
  pages = 	 {292-296},
  year = 	 {1999},
  editor = 	 {Harald Ganzinger},
  volume = 	 {1632},
  OPTnumber = 	 {},
  series = 	 {LNCS},
  OPTaddress = 	 {},
  month = 	 {May},
  OPTorganization = {},
  publisher = {Springer},
  note = 	 {\url{http://www.cs.man.ac.uk/~riazanoa/Vampire/}},
  OPTannote = 	 {}
}

@Article{Robinson1965,
  author = 	 {J.~A.~Robinson},
  title = 	 {A machine-oriented logic based on the resolution principle},
  journal = 	 {Journal of the ACM},
  year = 	 {1965},
  OPTkey = 	 {},
  volume = 	 {12},
  number = 	 {1},
  pages = 	 {23-41},
  OPTmonth = 	 {},
  OPTnote = 	 {},
  OPTannote = 	 {}
}

@Book{Roscoe1997,
  author = 	 {A.~W.~Roscoe},
  title = 	 {The Theory and Practice of Concurrency},
  publisher = 	 {Prentice-Hall},
  year = 	 {1997},
  OPTkey = 	 {},
  OPTvolume = 	 {},
  OPTnumber = 	 {},
  OPTseries = 	 {},
  OPTaddress = 	 {},
  OPTedition = 	 {},
  OPTmonth = 	 {},
  OPTnote = 	 {},
  OPTannote = 	 {}
}

@InProceedings{Roychoudhury2003,
  author = 	 {Abhik Roychoudhury and Tulika Mitra and S. R. Karri},
  title = 	 {Using Formal Techniques to Debug the {AMBA} System-on-Chip Bus Protocol},
  booktitle = 	 {Design, Automation and Test in Europe},
  OPTcrossref =  {},
  OPTkey = 	 {},
  pages = 	 {10828-10833},
  year = 	 {2003},
  OPTeditor = 	 {},
  OPTvolume = 	 {},
  OPTnumber = 	 {},
  OPTseries = 	 {},
  address = 	 {Munich, Germany},
  month = 	 {March},
  organization = {IEEE Computer Society},
  OPTpublisher = {},
  OPTnote = 	 {},
  OPTannote = 	 {}
}

@InProceedings{Russinoff2000,
  author = 	 {David M. Russinoff},
  title = 	 {A Case Study in Formal Verification of Register-Transfer Logic with {ACL2}: The Floating Point Adder of the {AMD} {A}thlon Processor},
  booktitle = 	 {Formal Methods in Computer-Aided Design},
  OPTcrossref =  {},
  OPTkey = 	 {},
  pages = 	 {3-36},
  year = 	 {2000},
  editor = 	 {Warren A. Hunt Jr. and Steven D. Johnson},
  volume = 	 {1954},
  OPTnumber = 	 {},
  series = 	 {LNCS},
  OPTaddress = 	 {},
  month = 	 {November},
  OPTorganization = {},
  publisher = {Springer},
  OPTnote = 	 {},
  OPTannote = 	 {}
}

@Manual{Saaltink1997,
  title = 	 {The {Z/EVES} Reference Manual},
  OPTkey = 	 {},
  author = 	 {Mark Saaltink and Irwin Meisels},
  organization = {ORA},
  address = 	 {Canada},
  OPTedition = 	 {},
  month = 	 {September},
  year = 	 {1997},
  note = 	 {Technical Report {TR-97-5493-03d}},
  OPTannote = 	 {}
}

@inproceedings{Saidi1999,
    AUTHOR = {H.~Sa\"{i}di and Natarajan Shankar},
    TITLE = {Abstract and Model Check while you Prove},
    BOOKTITLE = {Computer-Aided Verification (CAV'99)},
    YEAR = {1999},
    EDITOR = {Nicolas Halbwachs and Doron Peled},
    SERIES = {Lecture Notes in Computer Science},
    NUMBER = {1633},
    PAGES = {443--454},
    ADDRESS = {Trento, Italy},
    MONTH = {jul},
    PUBLISHER = {Springer-Verlag}
}

@InProceedings{Saidi2000,
  author = 	 {H.~Sa\"{i}di},
  title = 	 {Model Checking Guided Abstraction and Analysis},
  booktitle = 	 {Proceedings of the 7th International Static Analysis Symposium},
  OPTcrossref =  {},
  OPTkey = 	 {},
  pages = 	 {377-396},
  year = 	 {2000},
  editor = 	 {Jens Palsberg},
  volume = 	 {1824},
  OPTnumber = 	 {},
  series = 	 {LNCS},
  OPTaddress = 	 {},
  month = 	 {July},
  OPTorganization = {},
  publisher = {Springer},
  OPTnote = 	 {},
  OPTannote = 	 {}
}

@PhdThesis{Sasaki1986,
  author = 	 {J.~Sasaki},
  title = 	 {Extracting Efficient Code From Constructive Proofs},
  school = 	 {Cornell Univeristy},
  year = 	 {1986},
  OPTkey = 	 {},
  OPTtype = 	 {},
  OPTaddress = 	 {},
  OPTmonth = 	 {},
  OPTnote = 	 {},
  OPTannote = 	 {}
}

@InProceedings{Schmaltz2003,
  author = 	 {Julien Schmaltz and Dominique Borrione},
  title = 	 {Validation of a parameterized bus architecture using {ACL2}},
  booktitle = 	 {Fourth International Workshop on the {ACL2} Theorem Prover and Its Applications},
  OPTcrossref =  {},
  OPTkey = 	 {},
  OPTpages = 	 {},
  year = 	 {2003},
  editor = 	 {Warren Hunt Jr. and Matt Kaufmann and J.~Moore},
  OPTvolume = 	 {},
  OPTnumber = 	 {},
  OPTseries = 	 {},
  address = 	 {Boulder CO, USA},
  month = 	 {July},
  OPTorganization = {},
  OPTpublisher = {},
  OPTnote = 	 {},
  OPTannote = 	 {}
}

@InProceedings{Schneider1999,
  author = 	 {K. Schneider and D. Hoffmann},
  title = 	 {A {HOL} Conversion for Translating Linear Time Temporal Logic to omega-Automata},
  booktitle = 	 {Theorem Proving in Higher Order Logics},
  OPTcrossref =  {},
  OPTkey = 	 {},
  pages = 	 {255-272},
  year = 	 {1999},
  editor = 	 {Yves Bertot and Gilles Dowek and Andr\'e Hirschowitz and C. Paulin and Laurent Th\'ery},
  volume = 	 {1690},
  OPTnumber = 	 {},
  series = 	 {LNCS},
  OPTaddress = 	 {},
  month = 	 {September},
  OPTorganization = {},
  publisher = {Springer},
  OPTnote = 	 {},
  OPTannote = 	 {}
}

@TechReport{Seger1993,
  author = 	 {C-J.~H.~Seger},
  title = 	 {Voss - A formal hardware verification system: User's Guide},
  institution =  {The University of British Columbia},
  year = 	 {1993},
  OPTkey = 	 {},
  OPTtype = 	 {},
  number = 	 {UBC-TR-93-45},
  OPTaddress = 	 {},
  month = 	 {December},
  OPTnote = 	 {},
  OPTannote = 	 {}
}


@Misc{Sestoft2003,
  OPTkey = 	 {},
  author = 	 {Peter Sestoft},
  title = 	 {Moscow {ML}},
  howpublished = {\url{http://www.dina.dk/~sestoft/mosml.html}},
  OPTmonth = 	 {},
  year = 	 {2003},
  OPTnote = 	 {},
  OPTannote = 	 {}
}

@InProceedings{Shankar1996,
  author = 	 {S.~Owre and S.~Rajan and J.~M.~Rushby and N.~Shankar and M.~K.~Srivas},
  title = 	 {{PVS}: Combining Specification, Proof Checking, and Model Checking},
  booktitle = 	 {CAV'96: 8th International Conference on Computer Aided Verification},
  OPTcrossref =  {},
  OPTkey = 	 {},
  pages = 	 {411-414},
  year = 	 {1996},
  editor = 	 {Rajeev Alur, Thomas A. Henzinger},
  volume = 	 {1102},
  OPTnumber = 	 {},
  series = 	 {LNCS},
  OPTaddress = 	 {},
  month = 	 {July},
  OPTorganization = {},
  publisher = {Springer},
  OPTnote = 	 {},
  OPTannote = 	 {}
}

@InProceedings{Shankar2000,
  author = 	 {N.~Shankar},
  title = 	 {Combining Theorem Proving and Model Checking through Symbolic Analysis},
  OPTcrossref =  {},
  OPTkey = 	 {},
  booktitle = {Concurrency Theory (CONCUR)},
  pages = 	 {1-16},
  year = 	 {2000},
  editor = 	 {Catuscia Palamidessi},
  volume = 	 {1877},
  OPTnumber = 	 {},
  series = 	 {LNCS},
  OPTaddress = 	 {},
  OPTmonth = 	 {},
  OPTorganization = {},
  publisher = {Springer},
  OPTnote = 	 {},
  OPTannote = 	 {}
}

@incollection{Sheeran1998,
    author = {M.~Sheeran and Gunnar St{\aa}lmarck},
    title = {A Tutorial on {S}t{\aa}lmarck's Proof Procedure for Propositional Logic},
    booktitle = {Formal Methods in Computer-Aided Design (FMCAD)},
    volume = {1522},
    publisher = {Springer-Verlag},
    address = {Berlin},
    editor = {G. Gopalakrishnan and P. Windley},
    pages = {82--99},
    year = {1998}
}


@InProceedings{Sheeran2000,
  author = 	 {M.~Sheeran and S.~Singh and G.~St{\aa}lmarck},
  title = 	 {Checking safety properties using induction and a {SAT}-solver},
  booktitle = 	 {Formal Methods in Computer-Aided Design},
  OPTcrossref =  {},
  OPTkey = 	 {},
  pages = 	 {108-125},
  year = 	 {2000},
  editor = 	 {Warren A. Hunt Jr. and Steven D. Johnson},
  volume = 	 {1954},
  OPTnumber = 	 {},
  series = 	 {LNCS},
  OPTaddress = 	 {},
  month = 	 {November},
  OPTorganization = {},
  publisher = {Springer},
  OPTnote = 	 {},
  OPTannote = 	 {}
}

@Article{Shostak1979,
  author = 	 {Robert E. Shostak},
  title = 	 {A Practical Decision Procedure for Arithmetic with Function Symbols},
  journal = 	 {JACM},
  year = 	 {1979},
  OPTkey = 	 {},
  volume = 	 {26},
  number = 	 {2},
  pages = 	 {351-360},
  OPTmonth = 	 {},
  OPTnote = 	 {},
  OPTannote = 	 {}
}

@Article{Shostak1984,
  author = 	 {Robert E. Shostak},
  title = 	 {Deciding combinations of theories},
  journal = 	 {Journal of the ACM},
  year = 	 {1984},
  OPTkey = 	 {},
  volume = 	 {31},
  number = 	 {1},
  pages = 	 {1-12},
  month = 	 {January},
  OPTnote = 	 {},
  OPTannote = 	 {}
}

@InCollection{Skolem1922,
  author = 	 {T.~Skolem},
  title = 	 {Some remarks on axiomatised set theory},
  booktitle = 	 {From Frege to Godel: A Source Book in Mathematical Logic, 1879-1931},
  crossref =  {Hiejenoort1967},
  OPTkey = 	 {},
  pages = 	 {290-301},
  year = 1922
}

@InProceedings{Slind1996,
  author = 	 {Konrad Slind},
  title = 	 {Function Definition in Higher-Order Logic},
  booktitle = 	 {Theorem Proving in Higher Order Logics},
  OPTcrossref =  {},
  OPTkey = 	 {},
  pages = 	 {381-397},
  year = 	 {1996},
  editor = 	 {Joakim von Wright and Jim Grundy and John Harrison},
  volume = 	 {1125},
  OPTnumber = 	 {},
  series = 	 {LNCS},
  OPTaddress = 	 {},
  OPTmonth = 	 {},
  OPTorganization = {},
  publisher = {Springer},
  OPTnote = 	 {},
  OPTannote = 	 {}
}

@Manual{Slind2002,
  title = 	 {The {HOL} System Description},
  OPTkey = 	 {},
  author = 	 {Konrad Slind and Michael Norrish},
  organization = {University of Cambridge Computer Laboratory Automated Reasoning Group},
  OPTaddress = 	 {},
  edition = 	 {3rd},
  month = 	 {June},
  year = 	 {2002},
  note = 	 {Available from \url{http://hol.sf.net}},
  OPTannote = 	 {}
}

@InProceedings{Slind2003,
  author = 	 {Konrad Slind and Joe Hurd},
  title = 	 {Applications of Polytypism in Theorem Proving},
  booktitle = 	 {Theorem Proving in Higher Order Logics},
  OPTcrossref =  {},
  OPTkey = 	 {},
  pages = 	 {103-119},
  year = 	 {2003},
  editor = 	 {David A. Basin and Burkhart Wolff},
  OPTvolume = 	 {},
  number = 	 {2758},
  series = 	 {LNCS},
  OPTaddress = 	 {},
  OPTmonth = 	 {},
  OPTorganization = {},
  publisher = {Springer},
  OPTnote = 	 {},
  OPTannote = 	 {}
}

@article{Song2001,
    author = {Dawn Xiaodong Song and Sergey Berezin and Adrian Perrig},
    title = {Athena: A Novel Approach to Efficient Automatic Security Protocol Analysis},
    journal = {Journal of Computer Security},
    volume = {9},
    number = {1/2},
    pages = {47-74},
    year = {2001}}

@PhdThesis{Sprenger2000,
  author = 	 {C.~Sprenger},
  title = 	 {Deductive Local Model Checking},
  school = 	 {Computer Networking Laboratory},
  year = 	 {2000},
  OPTkey = 	 {},
  OPTtype = 	 {},
  address = 	 {Swiss Federal Institute of Technology, Lausanne, Switzerland},
  OPTmonth = 	 {},
  OPTnote = 	 {},
  OPTannote = 	 {}
}

@Article{Stirling1989,
  author = 	 {C.~Stirling and D.~J.~Walker},
  title = 	 {Local Model Checking in the Modal Mu-Calculus},
  journal = 	 {Theoretical Computer Science},
  year = 	 {1991},
  OPTkey = 	 {},
  volume = 	 {89},
  number = 	 {1},
  pages = 	 {161-177},
  OPTmonth = 	 {},
  OPTnote = 	 {},
  OPTannote = 	 {}
}



@PhdThesis{Susanto2004,
  author = 	 {Kong Woei Susanto},
  title = 	 {A Verification Platform for System on Chip},
  school = 	 {Department of Computing Science, University of Glasgow, UK},
  year = 	 {2004},
  OPTkey = 	 {},
  OPTtype = 	 {},
  OPTaddress = 	 {},
  OPTmonth = 	 {},
  note = 	 {Private copy.},
  OPTannote = 	 {}
}

@InProceedings{Stump2002,
  author = 	 {Aaron Stump and Clark W. Barrett and David L. Dill},
  title = 	 {{CVC: A Cooperating Validity Checker}},
  booktitle = 	 {Computer Aided Verification},
  OPTcrossref =  {},
  OPTkey = 	 {},
  pages = 	 {500-504},
  year = 	 {2002},
  editor = 	 {Ed Brinksma and Kim Guldstrand Larsen},
  volume = 	 {2404},
  OPTnumber = 	 {},
  series = 	 {LNCS},
  OPTaddress = 	 {},
  month = 	 {July},
  OPTorganization = {},
  publisher = {Springer},
  OPTnote = 	 {},
  OPTannote = 	 {}
}

@InProceedings{Tammet1998,
  author = 	 {T.~Tammet},
  title = 	 {Towards Efficient Subsumption},
  booktitle = 	 {Automated Deduction (CADE)},
  OPTcrossref =  {},
  OPTkey = 	 {},
  pages = 	 {427-441},
  year = 	 {1998},
  editor = 	 {Claude Kirchner and H\'el\`ene Kirchner},
  volume = 	 {1421},
  OPTnumber = 	 {},
  series = 	 {LNCS},
  OPTaddress = 	 {},
  month = 	 {July},
  OPTorganization = {},
  publisher = {Springer Verlag},
  OPTnote = 	 {Tool URL: \url{http://www.cs.chalmers.se/~tammet/gandalf/}},
  OPTannote = 	 {}
}

@Article{Tarski,
  author = 	 {A.~Tarski},
  title = 	 {A lattice-theoretical fixpoint theorem and its applications},
  journal = 	 {Pacific Journal of Mathematics},
  year = 	 {1955},
  OPTkey = 	 {Tarski},
  volume = 	 {5},
  OPTnumber = 	 {},
  pages = 	 {285-309},
  OPTmonth = 	 {},
  OPTnote = 	 {},
  OPTannote = 	 {}
}

@Article{Turing1936,
  author = 	 {Turing, A. M.},
  title = 	 {On Computable Numbers, with an application to the {\emph{Entscheidungsproblem}}},
  journal = 	 {Proc. Lond. Math. Soc.},
  year = 	 {1936},
  OPTkey = 	 {},
  volume = 	 {42},
  number = 	 {2},
  pages = 	 {230-265},
  OPTmonth = 	 {},
  OPTnote = 	 {},
  OPTannote = 	 {}
}


@Article{Turing1949,
  author = 	 {Turing, A. M.},
  title = 	 {Checking a Large Routine},
  journal = 	 {EDSAC Inaugural Conference},
  year = 	 {1949},
  OPTkey = 	 {},
  OPTvolume = 	 {},
  OPTnumber = 	 {},
  OPTpages = 	 {},
  OPTmonth = 	 {},
  note = 	 {Reprinted with corrections and annotations in ``An early program proof by Alan Turing'',  by L. Morris and C. B. Jones, Annals of the History of Computing, 6 (2) pp.129-143 (1984)},
  OPTannote = 	 {}
}

@Book{Ullman1997,
  author = 	 {J.~D.~Ullman},
  title = 	 {Elements of ML Programming},
  publisher = 	 {Prentice-Hall},
  year = 	 {1997},
  OPTkey = 	 {},
  OPTvolume = 	 {},
  OPTnumber = 	 {},
  OPTseries = 	 {},
  OPTaddress = 	 {},
  OPTedition = 	 {},
  OPTmonth = 	 {},
  OPTnote = 	 {},
  OPTannote = 	 {}
}

@InProceedings{Uribe2000,
  author = 	 {T.~E.~Uribe},
  title = 	 {Combinations of Model Checking and Theorem Proving},
  booktitle = 	 {Proceedings of the Third Intl. Workshop on Frontiers of Combining Systems},
  OPTcrossref =  {},
  OPTkey = 	 {},
  pages = 	 {151-170},
  year = 	 {2000},
  editor = 	 {H\'el\`ene Kirchner and Christophe Ringeissen},
  volume = 	 {1794},
  OPTnumber = 	 {},
  series = 	 {LNCS},
  OPTaddress = 	 {},
  month = 	 {March},
  OPTorganization = {},
  publisher =    {Springer-Verlag},
  OPTnote = 	 {},
  OPTannote = 	 {}
}

@Article{Valmari1992,
  author = 	 {Antti Valmari},
  title = 	 { A Stubborn Attack on State Explosion},
  journal = 	 {Formal Methods in System Design},
  year = 	 {1992},
  OPTkey = 	 {},
  volume = 	 {1},
  number = 	 {4},
  pages = 	 {297-322},
  OPTmonth = 	 {},
  OPTnote = 	 {},
  OPTannote = 	 {}
}

@InCollection{Weidenbach1999,
  author = 	 {C.~Weidenbach},
  title = 	 {{SPASS}: {C}ombining Superposition, Sorts and Splitting},
  booktitle = 	 {Handbook of Automated Reasoning},
  OPTcrossref =  {},
  OPTkey = 	 {},
  OPTpages = 	 {},
  publisher = {Elsevier},
  year = 	 {1999},
  editor = 	 {A.~Robinson and A.~Voronkov},
  OPTvolume = 	 {},
  OPTnumber = 	 {},
  OPTseries = 	 {},
  OPTtype = 	 {},
  OPTchapter = 	 {},
  OPTaddress = 	 {},
  OPTedition = 	 {},
  OPTmonth = 	 {},
  OPTnote = 	 {},
  OPTannote = 	 {}
}

@InProceedings{Winskel1989,
  author = 	 {G.~Winskel},
  title = 	 {A Note on Model Checking in the Modal \( \nu\)-Calculus},
  booktitle = 	 {Proceedings of the International Colloquium on Automata, Languages and Programming},
  OPTcrossref =  {},
  OPTkey = 	 {},
  pages = 	 {761 - 772},
  year = 	 {1989},
  editor = 	 {Giorgio Ausiello and Mariangiola Dezani-Ciancaglini and Simona Ronchi Della Rocca},
  volume = 	 {372},
  OPTnumber = 	 {},
  series = 	 {Lecture Notes in Computer Science},
  OPTaddress = 	 {},
  OPTmonth = 	 {},
  OPTorganization = {},
  publisher = {Springer},
  OPTnote = 	 {},
  OPTannote = 	 {}
}

@InProceedings{Yang2002,
  author = 	 {Jin Yang and Carl-Johan H. Seger},
  title = 	 {Generalized Symbolic Trajectory Evaluation - Abstraction in Action},
  booktitle = 	 {Formal Methods in Computer-Aided Design},
  OPTcrossref =  {},
  OPTkey = 	 {},
  pages = 	 {70-87},
  year = 	 {2002},
  editor = 	 {Mark Aagaard and John W. O'Leary},
  volume = 	 {2517},
  OPTnumber = 	 {},
  series = 	 {LNCS},
  OPTaddress = 	 {},
  OPTmonth = 	 {},
  OPTorganization = {},
  publisher = {Springer},
  OPTnote = 	 {},
  OPTannote = 	 {}
}

@TechReport{Zakiuddin1998,
  author = 	 {I. Zakiuddin and N. Moffat and C. O'Halloran and P.Ryan},
  title = 	 {Chasing Events to Certify a Critical System},
  institution =  {UK Defence Evaluation and Research Agency},
  year = 	 {1998},
  OPTkey = 	 {},
  OPTtype = 	 {},
  OPTnumber = 	 {},
  OPTaddress = 	 {},
  OPTmonth = 	 {},
  OPTnote = 	 {},
  OPTannote = 	 {}
}

@InProceedings{zchaff,
  author = 	 {Matthew W. Moskewicz and Conor F. Madigan and Ying Zhao and Lintao Zhang and Sharad Malik},
  title = 	 {Chaff: Engineering an Efficient {SAT} Solver},
  booktitle = 	 {Proceedings of the 38th Design Automation Conference},
  OPTcrossref =  {},
  OPTkey = 	 {},
  pages = 	 {530-535},
  year = 	 {2001},
  OPTeditor = 	 {},
  OPTvolume = 	 {},
  OPTnumber = 	 {},
  OPTseries = 	 {},
  OPTaddress = 	 {},
  OPTmonth = 	 {},
  OPTorganization = {ACM},
  publisher = {ACM Press},
  OPTnote = 	 {},
  OPTannote = 	 {}
}

@InProceedings{Zimmer2002,
  author = 	 {J{\"u}rgen Zimmer and Michael Kohlhase},
  title = 	 {System Description: The {MathWeb} Software Bus for Distributed Mathematical Reasoning},
  booktitle = {18th International Conference on {A}utomated {D}eduction},
  publisher = {Springer Verlag},
  pages = {139-143},
  series = {LNAI},
  number  = {2392},
  editor = {Andrei Voronkov},
  year = {2002}
}

